[{"uuid":"e793a491-230c-47f2-b332-710949e380cf","side":"bid","ord_type":"limit","price":"7160.0","state":"done","market":"KRW-EOS","created_at":"2018-03-26T11:22:23+09:00","volume":"2094.97206703","remaining_volume":"0.0","reserved_fee":"0.0","remaining_fee":"0.0","paid_fee":"0.0","locked":"0.0","executed_volume":"2094.97206703","trades_count":3},{"uuid":"c3ab8549-9115-408e-b8fa-077fbcd3b3c9","side":"bid","ord_type":"limit","price":"7195.0","state":"done","market":"KRW-EOS","created_at":"2018-03-26T14:49:25+09:00","volume":"2084.78109798","remaining_volume":"0.0","reserved_fee":"0.0","remaining_fee":"0.0","paid_fee":"0.0","locked":"0.0","executed_volume":"2084.78109798","trades_count":1},{"uuid":"09abbb79-1e29-48f3-b2dc-8244fd3fa6cf","side":"ask","ord_type":"limit","price":"6510.0","state":"done","market":"KRW-EOS","created_at":"2018-03-26T21:10:31+09:00","volume":"4179.75316501","remaining_volume":"0.0","reserved_fee":"0.0","remaining_fee":"0.0","paid_fee":"0.0","locked":"0.0","executed_volume":"4179.75316501","trades_count":3},{"uuid":"94c6bed1-1807-4877-8bb9-7a05348db172","side":"bid","ord_type":"limit","price":"6680.0","state":"done","market":"KRW-EOS","created_at":"2018-03-31T13:15:16+09:00","volume":"1.0","remaining_volume":"0.0","reserved_fee":"3.34","remaining_fee":"0.0","paid_fee":"3.34","locked":"0.0","executed_volume":"1.0","trades_count":1},{"uuid":"6277f218-4c1d-4701-b084-1ec808dc1bf4","side":"bid","ord_type":"limit","price":"6670.0","state":"done","market":"KRW-EOS","created_at":"2018-03-31T19:06:38+09:00","volume":"3003.93356545","remaining_volume":"0.0","reserved_fee":"10018.11844077575","remaining_fee":"0.0","paid_fee":"10018.11844077575","locked":"0.0","executed_volume":"3003.93356545","trades_count":6},{"uuid":"14aba649-5d64-4291-8c39-c43cd8c26bf6","side":"ask","ord_type":"limit","price":"6695.0","state":"done","market":"KRW-EOS","created_at":"2018-03-31T19:22:55+09:00","volume":"3004.93356545","remaining_volume":"0.0","reserved_fee":"0.0","remaining_fee":"0.0","paid_fee":"10059.015110343875","locked":"0.0","executed_volume":"3004.93356545","trades_count":1},{"uuid":"f8421f64-0be1-4f99-974d-fcb1150f314a","side":"bid","ord_type":"limit","price":"6670.0","state":"done","market":"KRW-EOS","created_at":"2018-03-31T20:09:44+09:00","volume":"3008.55764022","remaining_volume":"0.0","reserved_fee":"10033.5397301337","remaining_fee":"0.0","paid_fee":"10033.5397301337","locked":"0.0","executed_volume":"3008.55764022","trades_count":7},{"uuid":"bac8b1f7-e1d4-4793-a7a4-6cfd4d9cb7ce","side":"bid","ord_type":"limit","price":"6650.0","state":"done","market":"KRW-EOS","created_at":"2018-03-31T20:16:48+09:00","volume":"3017.60593387","remaining_volume":"0.0","reserved_fee":"10033.53973011775","remaining_fee":"0.0","paid_fee":"10033.53973011775","locked":"0.0","executed_volume":"3017.60593387","trades_count":8},{"uuid":"da6a26e1-03d3-4bd0-bc58-f02bff8c30f9","side":"ask","ord_type":"limit","price":"6135.0","state":"done","market":"KRW-EOS","created_at":"2018-04-01T18:09:38+09:00","volume":"5430.58357409","remaining_volume":"0.0","reserved_fee":"0.0","remaining_fee":"0.0","paid_fee":"16658.315113521075","locked":"0.0","executed_volume":"5430.58357409","trades_count":10},{"uuid":"b0329ece-2350-4dec-8ccc-0ca0cb3159ad","side":"bid","ord_type":"limit","price":"6455.0","state":"done","market":"KRW-EOS","created_at":"2018-04-07T10:21:06+09:00","volume":"2860.24657949","remaining_volume":"0.0","reserved_fee":"9231.445835303975","remaining_fee":"0.0","paid_fee":"9231.445835303975","locked":"0.0","executed_volume":"2860.24657949","trades_count":10},{"uuid":"2526d351-6eab-4075-aec8-2118c4fcaaf8","side":"bid","ord_type":"limit","price":"6485.0","state":"done","market":"KRW-EOS","created_at":"2018-04-07T10:56:28+09:00","volume":"2484.11353305","remaining_volume":"0.0","reserved_fee":"8054.738130914625","remaining_fee":"0.0","paid_fee":"8054.738130914625","locked":"0.0","executed_volume":"2484.11353305","trades_count":1},{"uuid":"7759e523-4c2a-48e4-833e-4ff7ed7a39fd","side":"ask","ord_type":"limit","price":"6330.0","state":"done","market":"KRW-EOS","created_at":"2018-04-07T18:31:34+09:00","volume":"5714.2387206","remaining_volume":"0.0","reserved_fee":"0.0","remaining_fee":"0.0","paid_fee":"18085.565550699","locked":"0.0","executed_volume":"5714.2387206","trades_count":6},{"uuid":"a24f27df-0129-4cb5-b354-58184e3cd4e9","side":"bid","ord_type":"limit","price":"6545.0","state":"done","market":"KRW-EOS","created_at":"2018-04-09T10:50:51+09:00","volume":"1317.0","remaining_volume":"0.0","reserved_fee":"4309.8825","remaining_fee":"0.0","paid_fee":"4309.8825","locked":"0.0","executed_volume":"1317.0","trades_count":7},{"uuid":"3632632e-da8f-478f-ab13-08ade1781b92","side":"bid","ord_type":"limit","price":"12280.0","state":"done","market":"KRW-EOS","created_at":"2018-04-21T08:06:26+09:00","volume":"2414.59075022","remaining_volume":"0.0","reserved_fee":"14825.5872063508","remaining_fee":"0.0","paid_fee":"14825.5872063508","locked":"0.0","executed_volume":"2414.59075022","trades_count":17},{"uuid":"893c4629-995d-4cf4-a09a-c8c42dbc9f06","side":"ask","ord_type":"limit","price":"12360.0","state":"done","market":"KRW-EOS","created_at":"2018-04-21T08:34:31+09:00","volume":"2414.59075022","remaining_volume":"0.0","reserved_fee":"0.0","remaining_fee":"0.0","paid_fee":"14922.1708363596","locked":"0.0","executed_volume":"2414.59075022","trades_count":15},{"uuid":"111b2785-2556-4230-a0aa-47a937e6eccc","side":"bid","ord_type":"limit","price":"12930.0","state":"done","market":"KRW-EOS","created_at":"2018-04-21T09:03:30+09:00","volume":"404.5932201","remaining_volume":"0.0","reserved_fee":"2615.6951679465","remaining_fee":"0.0","paid_fee":"2615.6951679465","locked":"0.0","executed_volume":"404.5932201","trades_count":5},{"uuid":"7a1f7a82-1012-4fd9-8a78-bf1dfd061e14","side":"ask","ord_type":"limit","price":"12170.0","state":"done","market":"KRW-EOS","created_at":"2018-04-21T10:00:38+09:00","volume":"2810.97572524","remaining_volume":"0.0","reserved_fee":"0.0","remaining_fee":"0.0","paid_fee":"17104.7872880854","locked":"0.0","executed_volume":"2810.97572524","trades_count":5},{"uuid":"e87a719b-446b-440c-9817-6b032537432b","side":"bid","ord_type":"limit","price":"12010.0","state":"done","market":"KRW-EOS","created_at":"2018-04-21T10:09:25+09:00","volume":"2853.3254605","remaining_volume":"0.0","reserved_fee":"17134.2193903025","remaining_fee":"0.0","paid_fee":"17134.2193903025","locked":"0.0","executed_volume":"2853.3254605","trades_count":10},{"uuid":"c1c50146-4aa9-432e-ae27-99076884cdc2","side":"ask","ord_type":"limit","price":"11560.0","state":"done","market":"KRW-EOS","created_at":"2018-04-21T10:13:23+09:00","volume":"2853.3254605","remaining_volume":"0.0","reserved_fee":"0.0","remaining_fee":"0.0","paid_fee":"16535.0210435975","locked":"0.0","executed_volume":"2853.3254605","trades_count":1},{"uuid":"1ccf2aef-a2b2-4f66-9223-fb90d1a5ab91","side":"bid","ord_type":"limit","price":"12650.0","state":"done","market":"KRW-EOS","created_at":"2018-04-22T19:37:20+09:00","volume":"4.63965645","remaining_volume":"0.0","reserved_fee":"29.34582704625","remaining_fee":"0.0","paid_fee":"29.34582704625","locked":"0.0","executed_volume":"4.63965645","trades_count":1},{"uuid":"fa9f97d2-e41e-4ef1-81ce-af37be1aaea4","side":"ask","ord_type":"limit","price":"14340.0","state":"done","market":"KRW-EOS","created_at":"2018-04-24T23:03:27+09:00","volume":"4.63965645","remaining_volume":"0.0","reserved_fee":"0.0","remaining_fee":"0.0","paid_fee":"33.28953502875","locked":"0.0","executed_volume":"4.63965645","trades_count":1},{"uuid":"2de3759b-bf8a-4ee3-af9f-cfb25e634a3f","side":"bid","ord_type":"limit","price":"14930.0","state":"done","market":"KRW-EOS","created_at":"2018-04-25T19:53:11+09:00","volume":"2677.83054219","remaining_volume":"0.0","reserved_fee":"19990.00499744835","remaining_fee":"0.0","paid_fee":"19990.00499744835","locked":"0.0","executed_volume":"2677.83054219","trades_count":1},{"uuid":"cb161462-36d2-4224-8e01-12ca49936869","side":"bid","ord_type":"limit","price":"16220.0","state":"done","market":"KRW-EOS","created_at":"2018-04-26T20:32:13+09:00","volume":"1386.6493387","remaining_volume":"0.0","reserved_fee":"11245.726136857","remaining_fee":"0.0","paid_fee":"11245.726136857","locked":"0.0","executed_volume":"1386.6493387","trades_count":2},{"uuid":"c0f5a1ff-7212-4a17-ad5b-680ff18420e3","side":"bid","ord_type":"limit","price":"21510.0","state":"done","market":"KRW-EOS","created_at":"2018-04-29T19:42:01+09:00","volume":"2505.38632444","remaining_volume":"0.0","reserved_fee":"26945.4299193522","remaining_fee":"25.0538632444","paid_fee":"26920.3760561078","locked":"50132.7803520444","executed_volume":"2505.38632444","trades_count":2},{"uuid":"cfabd227-9490-4a12-84bf-b0903ea0d877","side":"bid","ord_type":"limit","price":"21560.0","state":"done","market":"KRW-EOS","created_at":"2018-04-29T19:42:24+09:00","volume":"10.45365124","remaining_volume":"0.0","reserved_fee":"112.6903603672","remaining_fee":"0.0","paid_fee":"112.6903603672","locked":"0.0","executed_volume":"10.45365124","trades_count":1},{"uuid":"7cb874ff-ba43-4cde-88f8-877d5b61e73f","side":"bid","ord_type":"limit","price":"8930.0","state":"done","market":"KRW-EOS","created_at":"2018-07-02T18:05:05+09:00","volume":"1000.0","remaining_volume":"0.0","reserved_fee":"4465.0","remaining_fee":"0.0","paid_fee":"4465.0","locked":"0.0","executed_volume":"1000.0","trades_count":5},{"uuid":"d493e511-6d8a-40be-b556-6f92d94c81d4","side":"bid","ord_type":"limit","price":"8925.0","state":"done","market":"KRW-EOS","created_at":"2018-07-02T18:05:24+09:00","volume":"1000.0","remaining_volume":"0.0","reserved_fee":"4462.5","remaining_fee":"0.0","paid_fee":"4462.5","locked":"0.0","executed_volume":"1000.0","trades_count":1},{"uuid":"18858312-4562-4334-a393-bc4789957d33","side":"bid","ord_type":"limit","price":"8930.0","state":"done","market":"KRW-EOS","created_at":"2018-07-02T18:05:45+09:00","volume":"1000.0","remaining_volume":"0.0","reserved_fee":"4465.0","remaining_fee":"0.0","paid_fee":"4465.0","locked":"0.0","executed_volume":"1000.0","trades_count":5},{"uuid":"e4441935-bedb-4f8d-9cba-58a3674150cb","side":"bid","ord_type":"limit","price":"8930.0","state":"done","market":"KRW-EOS","created_at":"2018-07-02T18:08:26+09:00","volume":"1736.30508374","remaining_volume":"0.0","reserved_fee":"7752.6021988991","remaining_fee":"0.0","paid_fee":"7752.6021988991","locked":"0.0","executed_volume":"1736.30508374","trades_count":9},{"uuid":"095c9399-f974-41bc-b46f-4fa230d405a7","side":"ask","ord_type":"limit","price":"9870.0","state":"done","market":"KRW-EOS","created_at":"2018-07-03T23:15:45+09:00","volume":"2285.50001802","remaining_volume":"0.0","reserved_fee":"0.0","remaining_fee":"0.0","paid_fee":"11278.9425889287","locked":"0.0","executed_volume":"2285.50001802","trades_count":1},{"uuid":"5a0e0567-26e0-46b4-8b1c-707983dfce8e","side":"ask","ord_type":"limit","price":"9850.0","state":"done","market":"KRW-EOS","created_at":"2018-07-03T23:20:00+09:00","volume":"1994.15250385","remaining_volume":"0.0","reserved_fee":"0.0","remaining_fee":"0.0","paid_fee":"9821.20108146125","locked":"0.0","executed_volume":"1994.15250385","trades_count":17},{"uuid":"d64ec705-50cf-48e5-bcfc-43a802f257d7","side":"bid","ord_type":"limit","price":"7865.0","state":"done","market":"KRW-EOS","created_at":"2018-07-12T18:08:04+09:00","volume":"3812.46122012","remaining_volume":"0.0","reserved_fee":"14992.5037481219","remaining_fee":"0.0","paid_fee":"14992.5037481219","locked":"0.0","executed_volume":"3812.46122012","trades_count":6},{"uuid":"8ffb06a6-ac5e-40d3-a938-63681ddb3049","side":"bid","ord_type":"limit","price":"7850.0","state":"done","market":"KRW-EOS","created_at":"2018-07-12T18:13:41+09:00","volume":"1273.24872595","remaining_volume":"0.0","reserved_fee":"4997.50124935375","remaining_fee":"1.141326668375","paid_fee":"4996.359922685375","locked":"2283.794663418375","executed_volume":"1273.24872595","trades_count":4},{"uuid":"c0cbd3b5-4286-4a0d-a5f2-3ad6cdfdd6e8","side":"ask","ord_type":"limit","price":"8930.0","state":"done","market":"KRW-EOS","created_at":"2018-07-17T06:05:10+09:00","volume":"1085.0","remaining_volume":"0.0","reserved_fee":"0.0","remaining_fee":"0.0","paid_fee":"4844.525","locked":"0.0","executed_volume":"1085.0","trades_count":12},{"uuid":"cbda665d-1ef4-4c65-9fdc-3337be707894","side":"ask","ord_type":"limit","price":"8925.0","state":"done","market":"KRW-EOS","created_at":"2018-07-17T06:06:41+09:00","volume":"1000.0","remaining_volume":"0.0","reserved_fee":"0.0","remaining_fee":"0.0","paid_fee":"4462.5","locked":"0.0","executed_volume":"1000.0","trades_count":6},{"uuid":"679a894f-4cd8-4cb3-894a-661af7a5abbb","side":"ask","ord_type":"limit","price":"8935.0","state":"done","market":"KRW-EOS","created_at":"2018-07-17T06:09:16+09:00","volume":"1000.0","remaining_volume":"0.0","reserved_fee":"0.0","remaining_fee":"0.0","paid_fee":"4467.5","locked":"0.0","executed_volume":"1000.0","trades_count":1},{"uuid":"b51b4d33-8c4d-46e1-8df1-b9d790b04e76","side":"ask","ord_type":"limit","price":"8905.0","state":"done","market":"KRW-EOS","created_at":"2018-07-17T06:14:19+09:00","volume":"1000.0","remaining_volume":"0.0","reserved_fee":"0.0","remaining_fee":"0.0","paid_fee":"4452.5","locked":"0.0","executed_volume":"1000.0","trades_count":5},{"uuid":"e1360451-e2d3-49f8-b121-ff7c85efd707","side":"ask","ord_type":"limit","price":"8905.0","state":"done","market":"KRW-EOS","created_at":"2018-07-17T06:15:13+09:00","volume":"1000.0","remaining_volume":"0.0","reserved_fee":"0.0","remaining_fee":"0.0","paid_fee":"4452.5","locked":"0.0","executed_volume":"1000.0","trades_count":7},{"uuid":"3b57cf99-0709-407c-a01d-2c989eff091b","side":"bid","ord_type":"limit","price":"8850.0","state":"done","market":"KRW-EOS","created_at":"2018-07-17T21:49:44+09:00","volume":"590.27548372","remaining_volume":"0.0","reserved_fee":"2611.969015461","remaining_fee":"0.0","paid_fee":"2611.969015461","locked":"0.0","executed_volume":"590.27548372","trades_count":3},{"uuid":"c2555260-2684-4266-957f-c234e4f20ba2","side":"bid","ord_type":"limit","price":"9175.0","state":"done","market":"KRW-EOS","created_at":"2018-07-30T21:22:18+09:00","volume":"133.99294902","remaining_volume":"0.0","reserved_fee":"614.69265362925","remaining_fee":"0.0","paid_fee":"614.69265362925","locked":"0.0","executed_volume":"133.99294902","trades_count":1},{"uuid":"02ac722f-874d-4e9b-a5b5-d236eeeeacbc","side":"bid","ord_type":"limit","price":"8200.0","state":"done","market":"KRW-EOS","created_at":"2018-07-31T22:33:33+09:00","volume":"1218.90274375","remaining_volume":"0.0","reserved_fee":"4997.501249375","remaining_fee":"0.0","paid_fee":"4997.501249375","locked":"0.0","executed_volume":"1218.90274375","trades_count":1},{"uuid":"0016e5ce-ce9f-462f-8c5d-5f102f17b3d1","side":"bid","ord_type":"limit","price":"8130.0","state":"done","market":"KRW-EOS","created_at":"2018-08-02T19:32:18+09:00","volume":"3061.00762656","remaining_volume":"0.0","reserved_fee":"12442.9960019664","remaining_fee":"0.0","paid_fee":"12442.9960019664","locked":"0.0","executed_volume":"3061.00762656","trades_count":9},{"uuid":"413e974d-165d-4863-86b5-3c51bb6fade8","side":"bid","ord_type":"limit","price":"8060.0","state":"done","market":"KRW-EOS","created_at":"2018-08-02T23:28:22+09:00","volume":"5580.33638267","remaining_volume":"0.0","reserved_fee":"22488.7556221601","remaining_fee":"0.0","paid_fee":"22488.7556221601","locked":"0.0","executed_volume":"5580.33638267","trades_count":7},{"uuid":"b98b041b-8929-4847-a8b8-12b7ea041e3a","side":"ask","ord_type":"limit","price":"8120.0","state":"done","market":"KRW-EOS","created_at":"2018-08-03T18:43:32+09:00","volume":"580.0","remaining_volume":"0.0","reserved_fee":"0.0","remaining_fee":"0.0","paid_fee":"2354.8","locked":"0.0","executed_volume":"580.0","trades_count":6},{"uuid":"3cc5a869-b141-414c-9c15-9d8c830f62f8","side":"bid","ord_type":"limit","price":"7670.0","state":"done","market":"KRW-EOS","created_at":"2018-08-08T05:51:07+09:00","volume":"2260.59095615","remaining_volume":"0.0","reserved_fee":"8669.36631683525","remaining_fee":"0.0","paid_fee":"8669.36631683525","locked":"0.0","executed_volume":"2260.59095615","trades_count":11},{"uuid":"1734bc97-dbea-46ee-964b-b6a5afd89981","side":"ask","ord_type":"limit","price":"6910.0","state":"done","market":"KRW-EOS","created_at":"2018-08-08T14:41:11+09:00","volume":"3665.73876614","remaining_volume":"0.0","reserved_fee":"0.0","remaining_fee":"0.0","paid_fee":"12665.1274370137","locked":"0.0","executed_volume":"3665.73876614","trades_count":2},{"uuid":"87411e2a-7ccc-4b50-af1a-fafefeb556d1","side":"ask","ord_type":"limit","price":"6900.0","state":"done","market":"KRW-EOS","created_at":"2018-08-08T14:42:01+09:00","volume":"3665.73876614","remaining_volume":"0.0","reserved_fee":"0.0","remaining_fee":"0.0","paid_fee":"12646.798743183","locked":"0.0","executed_volume":"3665.73876614","trades_count":5},{"uuid":"1b1cb7b5-0a3c-42f4-b5d2-a3bc173eca6a","side":"bid","ord_type":"limit","price":"6995.0","state":"done","market":"KRW-EOS","created_at":"2018-08-08T16:00:01+09:00","volume":"1000.0","remaining_volume":"0.0","reserved_fee":"3497.5","remaining_fee":"0.0","paid_fee":"3497.5","locked":"0.0","executed_volume":"1000.0","trades_count":1},{"uuid":"71ac8aff-3251-4ad4-9352-81016f1915f3","side":"bid","ord_type":"limit","price":"6980.0","state":"done","market":"KRW-EOS","created_at":"2018-08-08T16:16:28+09:00","volume":"6243.30284714","remaining_volume":"0.0","reserved_fee":"21789.1269365186","remaining_fee":"0.0","paid_fee":"21789.1269365186","locked":"0.0","executed_volume":"6243.30284714","trades_count":7},{"uuid":"4ed20425-5145-4d3f-8fb1-467884eb1ad7","side":"ask","ord_type":"limit","price":"6315.0","state":"done","market":"KRW-EOS","created_at":"2018-08-09T21:23:51+09:00","volume":"7032.17777247","remaining_volume":"0.0","reserved_fee":"0.0","remaining_fee":"0.0","paid_fee":"22204.101316574025","locked":"0.0","executed_volume":"7032.17777247","trades_count":2},{"uuid":"6644185c-a091-40cd-8881-c2f7a4cba964","side":"bid","ord_type":"limit","price":"6720.0","state":"done","market":"KRW-EOS","created_at":"2018-08-10T00:19:37+09:00","volume":"6800.58884248","remaining_volume":"0.0","reserved_fee":"22849.9785107328","remaining_fee":"0.0","paid_fee":"22849.9785107328","locked":"0.0","executed_volume":"6800.58884248","trades_count":1},{"uuid":"4cbf6e23-c0ef-4c25-8f4e-4b094bb78857","side":"ask","ord_type":"limit","price":"5985.0","state":"done","market":"KRW-EOS","created_at":"2018-08-11T14:11:46+09:00","volume":"6800.58884248","remaining_volume":"0.0","reserved_fee":"0.0","remaining_fee":"0.0","paid_fee":"20350.7621111214","locked":"0.0","executed_volume":"6800.58884248","trades_count":21},{"uuid":"b11552d9-9bfc-4167-ae6c-e70e127e26bb","side":"bid","ord_type":"limit","price":"5850.0","state":"done","market":"KRW-EOS","created_at":"2018-08-13T13:29:19+09:00","volume":"3475.28569048","remaining_volume":"0.0","reserved_fee":"10165.210644654","remaining_fee":"0.0","paid_fee":"10165.210644654","locked":"0.0","executed_volume":"3475.28569048","trades_count":6},{"uuid":"7f2c1fc1-f990-492e-9d5d-bf86c75e8ead","side":"bid","ord_type":"limit","price":"5965.0","state":"done","market":"KRW-EOS","created_at":"2018-08-13T17:34:31+09:00","volume":"3408.28529574","remaining_volume":"0.0","reserved_fee":"10165.21089454455","remaining_fee":"0.0","paid_fee":"10165.21089454455","locked":"0.0","executed_volume":"3408.28529574","trades_count":10},{"uuid":"336d8dca-2da1-4210-a920-d1b74a66d414","side":"ask","ord_type":"limit","price":"5060.0","state":"done","market":"KRW-EOS","created_at":"2018-08-14T20:35:02+09:00","volume":"3441.78549311","remaining_volume":"0.0","reserved_fee":"0.0","remaining_fee":"0.0","paid_fee":"8707.7172975683","locked":"0.0","executed_volume":"3441.78549311","trades_count":16},{"uuid":"7da79099-3bed-4701-9fff-0018ebd61767","side":"ask","ord_type":"limit","price":"5060.0","state":"done","market":"KRW-EOS","created_at":"2018-08-14T20:38:58+09:00","volume":"3441.78549311","remaining_volume":"0.0","reserved_fee":"0.0","remaining_fee":"0.0","paid_fee":"8707.7172975683","locked":"0.0","executed_volume":"3441.78549311","trades_count":11},{"uuid":"bae45036-a4f1-44df-a287-09787e1fdf4a","side":"bid","ord_type":"limit","price":"5625.0","state":"done","market":"KRW-EOS","created_at":"2018-08-15T11:22:17+09:00","volume":"1161.89745127","remaining_volume":"0.0","reserved_fee":"3267.836581696875","remaining_fee":"0.0","paid_fee":"3267.836581696875","locked":"0.0","executed_volume":"1161.89745127","trades_count":2},{"uuid":"307ece73-8073-40e2-8f5f-26068016fb2e","side":"bid","ord_type":"limit","price":"5545.0","state":"done","market":"KRW-EOS","created_at":"2018-09-18T19:22:47+09:00","volume":"991.38888626","remaining_volume":"0.0","reserved_fee":"2748.62568715585","remaining_fee":"0.0","paid_fee":"2748.62568715585","locked":"0.0","executed_volume":"991.38888626","trades_count":1},{"uuid":"a6330c4d-5ab4-45ed-9130-1dbfdbc14501","side":"bid","ord_type":"limit","price":"5510.0","state":"done","market":"KRW-EOS","created_at":"2018-09-18T20:19:28+09:00","volume":"217.67700541","remaining_volume":"0.0","reserved_fee":"599.70014990455","remaining_fee":"0.0","paid_fee":"599.70014990455","locked":"0.0","executed_volume":"217.67700541","trades_count":1},{"uuid":"04a86360-0596-4a38-9f33-2ceeedcedf83","side":"bid","ord_type":"limit","price":"5965.0","state":"done","market":"KRW-EOS","created_at":"2018-10-12T19:03:27+09:00","volume":"636.97522571","remaining_volume":"0.0","reserved_fee":"1899.778610680075","remaining_fee":"0.0","paid_fee":"1899.778610680075","locked":"0.0","executed_volume":"636.97522571","trades_count":2},{"uuid":"6c8c456d-4b11-4298-80b3-2a7ddb4f2863","side":"bid","ord_type":"limit","price":"3305.0","state":"done","market":"KRW-EOS","created_at":"2018-11-27T19:19:11+09:00","volume":"1512.10353811","remaining_volume":"0.0","reserved_fee":"2498.751096726775","remaining_fee":"0.0","paid_fee":"2498.751096726775","locked":"0.0","executed_volume":"1512.10353811","trades_count":6},{"uuid":"a7ac21fd-c16c-4e4d-9967-673c343d31d6","side":"bid","ord_type":"limit","price":"2110.0","state":"done","market":"KRW-EOS","created_at":"2018-12-08T12:18:54+09:00","volume":"8047.5806862","remaining_volume":"0.0","reserved_fee":"8490.197623941","remaining_fee":"0.0","paid_fee":"8490.197623941","locked":"0.0","executed_volume":"8047.5806862","trades_count":7},{"uuid":"e64f2b4c-9846-4aff-bfc9-e99b467f4829","side":"bid","ord_type":"limit","price":"2095.0","state":"done","market":"KRW-EOS","created_at":"2018-12-11T19:19:12+09:00","volume":"2385.44212381","remaining_volume":"0.0","reserved_fee":"2498.750624690975","remaining_fee":"0.0","paid_fee":"2498.750624690975","locked":"0.0","executed_volume":"2385.44212381","trades_count":7},{"uuid":"7dacdf17-a2fc-4ac3-8964-6b0e49ff11a1","side":"bid","ord_type":"limit","price":"2700.0","state":"done","market":"KRW-EOS","created_at":"2019-01-11T17:27:36+09:00","volume":"1480.74111092","remaining_volume":"0.0","reserved_fee":"1999.000499742","remaining_fee":"0.0","paid_fee":"1999.000499742","locked":"0.0","executed_volume":"1480.74111092","trades_count":1},{"uuid":"774b2b2f-b60a-4c02-8868-173a0c0de231","side":"ask","ord_type":"limit","price":"2460.0","state":"done","market":"KRW-EOS","created_at":"2019-01-29T07:49:51+09:00","volume":"8000.00002702","remaining_volume":"0.0","reserved_fee":"0.0","remaining_fee":"0.0","paid_fee":"9840.0000332346","locked":"0.0","executed_volume":"8000.00002702","trades_count":26},{"uuid":"e428e4b1-ec41-4486-905f-ad0d1a065f15","side":"bid","ord_type":"limit","price":"4170.0","state":"done","market":"KRW-EOS","created_at":"2019-03-09T16:25:30+09:00","volume":"1198.44156254","remaining_volume":"0.0","reserved_fee":"2498.7506578959","remaining_fee":"0.0","paid_fee":"2498.7506578959","locked":"0.0","executed_volume":"1198.44156254","trades_count":14},{"uuid":"915cae42-5229-4efd-b553-538ed305a80a","side":"ask","ord_type":"limit","price":"4190.0","state":"done","market":"KRW-EOS","created_at":"2019-03-16T11:03:38+09:00","volume":"5000.00006254","remaining_volume":"0.0","reserved_fee":"0.0","remaining_fee":"0.0","paid_fee":"10475.0001310213","locked":"0.0","executed_volume":"5000.00006254","trades_count":14},{"uuid":"1e0d7969-a654-49b5-8e51-ba57aac5e734","side":"bid","ord_type":"limit","price":"4115.0","state":"done","market":"KRW-EOS","created_at":"2019-03-18T19:38:54+09:00","volume":"508.82139154","remaining_volume":"0.0","reserved_fee":"1046.90001309355","remaining_fee":"0.0","paid_fee":"1046.90001309355","locked":"0.0","executed_volume":"508.82139154","trades_count":1},{"uuid":"8a36f805-4821-4828-90c3-deaeb1eb2aa1","side":"bid","ord_type":"limit","price":"4115.0","state":"done","market":"KRW-EOS","created_at":"2019-03-18T19:39:03+09:00","volume":"457.91381131","remaining_volume":"0.0","reserved_fee":"942.157666770325","remaining_fee":"0.0","paid_fee":"942.157666770325","locked":"0.0","executed_volume":"457.91381131","trades_count":1},{"uuid":"95804dd6-ff1b-4de2-a5d3-8f565c78ad33","side":"bid","ord_type":"limit","price":"4115.0","state":"done","market":"KRW-EOS","created_at":"2019-03-18T19:42:41+09:00","volume":"1030.24883623","remaining_volume":"0.0","reserved_fee":"2119.736980543225","remaining_fee":"0.0","paid_fee":"2119.736980543225","locked":"0.0","executed_volume":"1030.24883623","trades_count":1},{"uuid":"e528bfa2-c591-4599-858f-83a44cddb703","side":"bid","ord_type":"limit","price":"4115.0","state":"done","market":"KRW-EOS","created_at":"2019-03-18T19:43:29+09:00","volume":"772.55784607","remaining_volume":"0.0","reserved_fee":"1589.537768289025","remaining_fee":"0.0","paid_fee":"1589.537768289025","locked":"0.0","executed_volume":"772.55784607","trades_count":1},{"uuid":"bdd6ead4-ad7d-473e-821a-9a43f17b922e","side":"bid","ord_type":"limit","price":"4115.0","state":"done","market":"KRW-EOS","created_at":"2019-03-18T19:48:00+09:00","volume":"2316.12919472","remaining_volume":"0.0","reserved_fee":"4765.4358181364","remaining_fee":"0.0","paid_fee":"4765.4358181364","locked":"0.0","executed_volume":"2316.12919472","trades_count":5},{"uuid":"0a9b7cf5-b4c8-41dd-b6cb-5525eb955782","side":"ask","ord_type":"limit","price":"4130.0","state":"done","market":"KRW-EOS","created_at":"2019-03-18T19:57:04+09:00","volume":"966.73520285","remaining_volume":"0.0","reserved_fee":"0.0","remaining_fee":"0.0","paid_fee":"1996.30819388525","locked":"0.0","executed_volume":"966.73520285","trades_count":7},{"uuid":"b3476ecb-8787-42c5-b4ce-f46c1b2cff74","side":"bid","ord_type":"limit","price":"4115.0","state":"done","market":"KRW-EOS","created_at":"2019-03-18T19:57:56+09:00","volume":"454.91778432","remaining_volume":"0.0","reserved_fee":"935.9933412384","remaining_fee":"0.0","paid_fee":"935.9933412384","locked":"0.0","executed_volume":"454.91778432","trades_count":2},{"uuid":"f3caac45-618e-4e50-b9b8-88416075f995","side":"bid","ord_type":"limit","price":"4115.0","state":"done","market":"KRW-EOS","created_at":"2019-03-18T19:58:21+09:00","volume":"514.3715879","remaining_volume":"0.0","reserved_fee":"1058.31954210425","remaining_fee":"0.0","paid_fee":"1058.31954210425","locked":"0.0","executed_volume":"514.3715879","trades_count":2},{"uuid":"c01be155-7963-4e31-a1cb-42b82a635fa9","side":"ask","ord_type":"limit","price":"4565.0","state":"done","market":"KRW-EOS","created_at":"2019-03-27T12:47:15+09:00","volume":"5000.00124924","remaining_volume":"0.0","reserved_fee":"0.0","remaining_fee":"0.0","paid_fee":"11412.5028513903","locked":"0.0","executed_volume":"5000.00124924","trades_count":7},{"uuid":"3ea7e600-1a6a-436f-bcd1-e03c8673fb25","side":"bid","ord_type":"limit","price":"4640.0","state":"done","market":"KRW-EOS","created_at":"2019-03-27T19:19:13+09:00","volume":"4914.26549656","remaining_volume":"0.0","reserved_fee":"11401.0959520192","remaining_fee":"0.0","paid_fee":"11401.0959520192","locked":"0.0","executed_volume":"4914.26549656","trades_count":37},{"uuid":"b26e3a24-8925-4503-ba06-fbf9bf924718","side":"ask","ord_type":"limit","price":"4565.0","state":"done","market":"KRW-EOS","created_at":"2019-03-27T20:16:09+09:00","volume":"4914.26549656","remaining_volume":"0.0","reserved_fee":"0.0","remaining_fee":"0.0","paid_fee":"11216.8109958982","locked":"0.0","executed_volume":"4914.26549656","trades_count":20},{"uuid":"f392c8cd-a458-4a28-8997-c110617fda5c","side":"bid","ord_type":"limit","price":"4795.0","state":"done","market":"KRW-EOS","created_at":"2019-03-28T12:09:58+09:00","volume":"4673.86848807","remaining_volume":"0.0","reserved_fee":"11205.599700147825","remaining_fee":"0.0","paid_fee":"11205.599700147825","locked":"0.0","executed_volume":"4673.86848807","trades_count":2},{"uuid":"9eca4553-be8f-4def-bcc4-e3690af1ae7e","side":"bid","ord_type":"limit","price":"4765.0","state":"done","market":"KRW-EOS","created_at":"2019-04-01T19:22:53+09:00","volume":"3565.89805831","remaining_volume":"0.0","reserved_fee":"8495.752123923575","remaining_fee":"0.0","paid_fee":"8495.752123923575","locked":"0.0","executed_volume":"3565.89805831","trades_count":20},{"uuid":"f7ed57a6-86b1-40b2-93b3-7574e0ea0226","side":"bid","ord_type":"limit","price":"4805.0","state":"done","market":"KRW-EOS","created_at":"2019-04-01T21:45:29+09:00","volume":"2032.13980228","remaining_volume":"0.0","reserved_fee":"4882.2158749777","remaining_fee":"0.0","paid_fee":"4882.2158749777","locked":"0.0","executed_volume":"2032.13980228","trades_count":7},{"uuid":"d038855f-2ca6-4c4d-8fd9-554d6cb12423","side":"bid","ord_type":"limit","price":"4810.0","state":"done","market":"KRW-EOS","created_at":"2019-04-01T21:46:37+09:00","volume":"3044.53357588","remaining_volume":"0.0","reserved_fee":"7322.1032499914","remaining_fee":"0.0","paid_fee":"7322.1032499914","locked":"0.0","executed_volume":"3044.53357588","trades_count":10},{"uuid":"8b31d0f6-0aa3-41d1-b601-cf40d4dba075","side":"bid","ord_type":"limit","price":"4805.0","state":"done","market":"KRW-EOS","created_at":"2019-04-01T21:46:48+09:00","volume":"3044.65540382","remaining_volume":"0.0","reserved_fee":"7314.78460767755","remaining_fee":"0.0","paid_fee":"7314.78460767755","locked":"0.0","executed_volume":"3044.65540382","trades_count":13},{"uuid":"a90e797b-0c1e-4480-ac63-90b93cc1b4b9","side":"ask","ord_type":"limit","price":"6205.0","state":"done","market":"KRW-EOS","created_at":"2019-04-07T17:13:14+09:00","volume":"16.0","remaining_volume":"0.0","reserved_fee":"0.0","remaining_fee":"0.0","paid_fee":"49.64","locked":"0.0","executed_volume":"16.0","trades_count":1}]
