[{"market":"KRW-EOS","trade_date_utc":"2019-04-07","trade_time_utc":"12:17:40","timestamp":1554639460000,"trade_price":6175.00000000,"trade_volume":371.17364372,"prev_closing_price":6125.00000000,"change_price":50.00000000,"ask_bid":"BID","sequential_id":1554639460000000},{"market":"KRW-EOS","trade_date_utc":"2019-04-07","trade_time_utc":"12:17:21","timestamp":1554639441000,"trade_price":6175.00000000,"trade_volume":143.74574209,"prev_closing_price":6125.00000000,"change_price":50.00000000,"ask_bid":"BID","sequential_id":1554639441000001},{"market":"KRW-EOS","trade_date_utc":"2019-04-07","trade_time_utc":"12:17:21","timestamp":1554639441000,"trade_price":6175.00000000,"trade_volume":6.25425791,"prev_closing_price":6125.00000000,"change_price":50.00000000,"ask_bid":"BID","sequential_id":1554639441000000},{"market":"KRW-EOS","trade_date_utc":"2019-04-07","trade_time_utc":"12:17:12","timestamp":1554639432000,"trade_price":6170.00000000,"trade_volume":598.73689561,"prev_closing_price":6125.00000000,"change_price":45.00000000,"ask_bid":"BID","sequential_id":1554639432000000},{"market":"KRW-EOS","trade_date_utc":"2019-04-07","trade_time_utc":"12:17:10","timestamp":1554639430000,"trade_price":6170.00000000,"trade_volume":1.26310439,"prev_closing_price":6125.00000000,"change_price":45.00000000,"ask_bid":"ASK","sequential_id":1554639430000000},{"market":"KRW-EOS","trade_date_utc":"2019-04-07","trade_time_utc":"12:17:09","timestamp":1554639429000,"trade_price":6170.00000000,"trade_volume":22.22490000,"prev_closing_price":6125.00000000,"change_price":45.00000000,"ask_bid":"ASK","sequential_id":1554639429000000},{"market":"KRW-EOS","trade_date_utc":"2019-04-07","trade_time_utc":"12:17:06","timestamp":1554639426000,"trade_price":6170.00000000,"trade_volume":116.00000000,"prev_closing_price":6125.00000000,"change_price":45.00000000,"ask_bid":"BID","sequential_id":1554639426000000},{"market":"KRW-EOS","trade_date_utc":"2019-04-07","trade_time_utc":"12:17:05","timestamp":1554639425000,"trade_price":6170.00000000,"trade_volume":11.34521881,"prev_closing_price":6125.00000000,"change_price":45.00000000,"ask_bid":"BID","sequential_id":1554639425000005},{"market":"KRW-EOS","trade_date_utc":"2019-04-07","trade_time_utc":"12:17:05","timestamp":1554639425000,"trade_price":6170.00000000,"trade_volume":16.69517679,"prev_closing_price":6125.00000000,"change_price":45.00000000,"ask_bid":"BID","sequential_id":1554639425000004},{"market":"KRW-EOS","trade_date_utc":"2019-04-07","trade_time_utc":"12:17:05","timestamp":1554639425000,"trade_price":6170.00000000,"trade_volume":23.48830000,"prev_closing_price":6125.00000000,"change_price":45.00000000,"ask_bid":"BID","sequential_id":1554639425000003},{"market":"KRW-EOS","trade_date_utc":"2019-04-07","trade_time_utc":"12:17:05","timestamp":1554639425000,"trade_price":6170.00000000,"trade_volume":373.79518157,"prev_closing_price":6125.00000000,"change_price":45.00000000,"ask_bid":"BID","sequential_id":1554639425000002},{"market":"KRW-EOS","trade_date_utc":"2019-04-07","trade_time_utc":"12:17:05","timestamp":1554639425000,"trade_price":6165.00000000,"trade_volume":9.71929707,"prev_closing_price":6125.00000000,"change_price":40.00000000,"ask_bid":"BID","sequential_id":1554639425000001},{"market":"KRW-EOS","trade_date_utc":"2019-04-07","trade_time_utc":"12:17:05","timestamp":1554639425000,"trade_price":6165.00000000,"trade_volume":42.99722136,"prev_closing_price":6125.00000000,"change_price":40.00000000,"ask_bid":"BID","sequential_id":1554639425000000},{"market":"KRW-EOS","trade_date_utc":"2019-04-07","trade_time_utc":"12:17:04","timestamp":1554639424000,"trade_price":6165.00000000,"trade_volume":42.23731327,"prev_closing_price":6125.00000000,"change_price":40.00000000,"ask_bid":"BID","sequential_id":1554639424000001},{"market":"KRW-EOS","trade_date_utc":"2019-04-07","trade_time_utc":"12:17:04","timestamp":1554639424000,"trade_price":6165.00000000,"trade_volume":447.76268673,"prev_closing_price":6125.00000000,"change_price":40.00000000,"ask_bid":"BID","sequential_id":1554639424000000},{"market":"KRW-EOS","trade_date_utc":"2019-04-07","trade_time_utc":"12:17:00","timestamp":1554639420000,"trade_price":6165.00000000,"trade_volume":36.04000000,"prev_closing_price":6125.00000000,"change_price":40.00000000,"ask_bid":"BID","sequential_id":1554639420000000},{"market":"KRW-EOS","trade_date_utc":"2019-04-07","trade_time_utc":"12:16:58","timestamp":1554639418000,"trade_price":6165.00000000,"trade_volume":333.38075487,"prev_closing_price":6125.00000000,"change_price":40.00000000,"ask_bid":"BID","sequential_id":1554639418000000},{"market":"KRW-EOS","trade_date_utc":"2019-04-07","trade_time_utc":"12:16:50","timestamp":1554639410000,"trade_price":6165.00000000,"trade_volume":81.10300081,"prev_closing_price":6125.00000000,"change_price":40.00000000,"ask_bid":"BID","sequential_id":1554639410000000},{"market":"KRW-EOS","trade_date_utc":"2019-04-07","trade_time_utc":"12:16:47","timestamp":1554639407000,"trade_price":6165.00000000,"trade_volume":0.92890000,"prev_closing_price":6125.00000000,"change_price":40.00000000,"ask_bid":"BID","sequential_id":1554639407000000},{"market":"KRW-EOS","trade_date_utc":"2019-04-07","trade_time_utc":"12:16:44","timestamp":1554639404000,"trade_price":6165.00000000,"trade_volume":10.21820000,"prev_closing_price":6125.00000000,"change_price":40.00000000,"ask_bid":"BID","sequential_id":1554639404000000},{"market":"KRW-EOS","trade_date_utc":"2019-04-07","trade_time_utc":"12:16:42","timestamp":1554639402000,"trade_price":6165.00000000,"trade_volume":90.56645759,"prev_closing_price":6125.00000000,"change_price":40.00000000,"ask_bid":"BID","sequential_id":1554639402000000},{"market":"KRW-EOS","trade_date_utc":"2019-04-07","trade_time_utc":"12:16:41","timestamp":1554639401000,"trade_price":6165.00000000,"trade_volume":21.83544241,"prev_closing_price":6125.00000000,"change_price":40.00000000,"ask_bid":"BID","sequential_id":1554639401000000},{"market":"KRW-EOS","trade_date_utc":"2019-04-07","trade_time_utc":"12:16:39","timestamp":1554639399000,"trade_price":6165.00000000,"trade_volume":1.48940000,"prev_closing_price":6125.00000000,"change_price":40.00000000,"ask_bid":"BID","sequential_id":1554639399000000},{"market":"KRW-EOS","trade_date_utc":"2019-04-07","trade_time_utc":"12:16:36","timestamp":1554639396000,"trade_price":6165.00000000,"trade_volume":33.86000000,"prev_closing_price":6125.00000000,"change_price":40.00000000,"ask_bid":"BID","sequential_id":1554639396000000},{"market":"KRW-EOS","trade_date_utc":"2019-04-07","trade_time_utc":"12:16:33","timestamp":1554639393000,"trade_price":6165.00000000,"trade_volume":34.01430000,"prev_closing_price":6125.00000000,"change_price":40.00000000,"ask_bid":"BID","sequential_id":1554639393000000},{"market":"KRW-EOS","trade_date_utc":"2019-04-07","trade_time_utc":"12:16:32","timestamp":1554639392000,"trade_price":6165.00000000,"trade_volume":10.10648260,"prev_closing_price":6125.00000000,"change_price":40.00000000,"ask_bid":"BID","sequential_id":1554639392000000},{"market":"KRW-EOS","trade_date_utc":"2019-04-07","trade_time_utc":"12:16:22","timestamp":1554639382000,"trade_price":6165.00000000,"trade_volume":83.81873700,"prev_closing_price":6125.00000000,"change_price":40.00000000,"ask_bid":"BID","sequential_id":1554639382000001},{"market":"KRW-EOS","trade_date_utc":"2019-04-07","trade_time_utc":"12:16:22","timestamp":1554639382000,"trade_price":6165.00000000,"trade_volume":24.48500000,"prev_closing_price":6125.00000000,"change_price":40.00000000,"ask_bid":"BID","sequential_id":1554639382000000},{"market":"KRW-EOS","trade_date_utc":"2019-04-07","trade_time_utc":"12:16:05","timestamp":1554639365000,"trade_price":6160.00000000,"trade_volume":12.34463715,"prev_closing_price":6125.00000000,"change_price":35.00000000,"ask_bid":"ASK","sequential_id":1554639365000002},{"market":"KRW-EOS","trade_date_utc":"2019-04-07","trade_time_utc":"12:16:05","timestamp":1554639365000,"trade_price":6165.00000000,"trade_volume":7.75201774,"prev_closing_price":6125.00000000,"change_price":40.00000000,"ask_bid":"BID","sequential_id":1554639365000001},{"market":"KRW-EOS","trade_date_utc":"2019-04-07","trade_time_utc":"12:16:05","timestamp":1554639365000,"trade_price":6165.00000000,"trade_volume":141.63979081,"prev_closing_price":6125.00000000,"change_price":40.00000000,"ask_bid":"BID","sequential_id":1554639365000000},{"market":"KRW-EOS","trade_date_utc":"2019-04-07","trade_time_utc":"12:15:10","timestamp":1554639310000,"trade_price":6165.00000000,"trade_volume":0.10944038,"prev_closing_price":6125.00000000,"change_price":40.00000000,"ask_bid":"BID","sequential_id":1554639310000000},{"market":"KRW-EOS","trade_date_utc":"2019-04-07","trade_time_utc":"12:14:56","timestamp":1554639296000,"trade_price":6165.00000000,"trade_volume":3.49296200,"prev_closing_price":6125.00000000,"change_price":40.00000000,"ask_bid":"BID","sequential_id":1554639296000001},{"market":"KRW-EOS","trade_date_utc":"2019-04-07","trade_time_utc":"12:14:56","timestamp":1554639296000,"trade_price":6165.00000000,"trade_volume":28.90997683,"prev_closing_price":6125.00000000,"change_price":40.00000000,"ask_bid":"BID","sequential_id":1554639296000000},{"market":"KRW-EOS","trade_date_utc":"2019-04-07","trade_time_utc":"12:14:53","timestamp":1554639293000,"trade_price":6165.00000000,"trade_volume":76.31784371,"prev_closing_price":6125.00000000,"change_price":40.00000000,"ask_bid":"BID","sequential_id":1554639293000001},{"market":"KRW-EOS","trade_date_utc":"2019-04-07","trade_time_utc":"12:14:53","timestamp":1554639293000,"trade_price":6165.00000000,"trade_volume":3.22852194,"prev_closing_price":6125.00000000,"change_price":40.00000000,"ask_bid":"BID","sequential_id":1554639293000000},{"market":"KRW-EOS","trade_date_utc":"2019-04-07","trade_time_utc":"12:14:27","timestamp":1554639267000,"trade_price":6165.00000000,"trade_volume":30.72120843,"prev_closing_price":6125.00000000,"change_price":40.00000000,"ask_bid":"BID","sequential_id":1554639267000000},{"market":"KRW-EOS","trade_date_utc":"2019-04-07","trade_time_utc":"12:14:02","timestamp":1554639242000,"trade_price":6160.00000000,"trade_volume":41.45368035,"prev_closing_price":6125.00000000,"change_price":35.00000000,"ask_bid":"ASK","sequential_id":1554639242000000},{"market":"KRW-EOS","trade_date_utc":"2019-04-07","trade_time_utc":"12:14:00","timestamp":1554639240000,"trade_price":6165.00000000,"trade_volume":153.13170665,"prev_closing_price":6125.00000000,"change_price":40.00000000,"ask_bid":"BID","sequential_id":1554639240000000},{"market":"KRW-EOS","trade_date_utc":"2019-04-07","trade_time_utc":"12:13:50","timestamp":1554639230000,"trade_price":6165.00000000,"trade_volume":6.32000000,"prev_closing_price":6125.00000000,"change_price":40.00000000,"ask_bid":"BID","sequential_id":1554639230000000},{"market":"KRW-EOS","trade_date_utc":"2019-04-07","trade_time_utc":"12:13:39","timestamp":1554639219000,"trade_price":6160.00000000,"trade_volume":17.69911505,"prev_closing_price":6125.00000000,"change_price":35.00000000,"ask_bid":"ASK","sequential_id":1554639219000000},{"market":"KRW-EOS","trade_date_utc":"2019-04-07","trade_time_utc":"12:13:35","timestamp":1554639215000,"trade_price":6160.00000000,"trade_volume":12.40173895,"prev_closing_price":6125.00000000,"change_price":35.00000000,"ask_bid":"BID","sequential_id":1554639215000001},{"market":"KRW-EOS","trade_date_utc":"2019-04-07","trade_time_utc":"12:13:35","timestamp":1554639215000,"trade_price":6160.00000000,"trade_volume":0.34043633,"prev_closing_price":6125.00000000,"change_price":35.00000000,"ask_bid":"BID","sequential_id":1554639215000000},{"market":"KRW-EOS","trade_date_utc":"2019-04-07","trade_time_utc":"12:13:22","timestamp":1554639202000,"trade_price":6160.00000000,"trade_volume":50.03051948,"prev_closing_price":6125.00000000,"change_price":35.00000000,"ask_bid":"ASK","sequential_id":1554639202000002},{"market":"KRW-EOS","trade_date_utc":"2019-04-07","trade_time_utc":"12:13:22","timestamp":1554639202000,"trade_price":6160.00000000,"trade_volume":55.13887349,"prev_closing_price":6125.00000000,"change_price":35.00000000,"ask_bid":"ASK","sequential_id":1554639202000001},{"market":"KRW-EOS","trade_date_utc":"2019-04-07","trade_time_utc":"12:13:22","timestamp":1554639202000,"trade_price":6160.00000000,"trade_volume":60.00000000,"prev_closing_price":6125.00000000,"change_price":35.00000000,"ask_bid":"ASK","sequential_id":1554639202000000},{"market":"KRW-EOS","trade_date_utc":"2019-04-07","trade_time_utc":"12:12:25","timestamp":1554639145000,"trade_price":6160.00000000,"trade_volume":94.70503848,"prev_closing_price":6125.00000000,"change_price":35.00000000,"ask_bid":"BID","sequential_id":1554639145000004},{"market":"KRW-EOS","trade_date_utc":"2019-04-07","trade_time_utc":"12:12:25","timestamp":1554639145000,"trade_price":6160.00000000,"trade_volume":11.36363637,"prev_closing_price":6125.00000000,"change_price":35.00000000,"ask_bid":"BID","sequential_id":1554639145000003},{"market":"KRW-EOS","trade_date_utc":"2019-04-07","trade_time_utc":"12:12:25","timestamp":1554639145000,"trade_price":6160.00000000,"trade_volume":289.50000000,"prev_closing_price":6125.00000000,"change_price":35.00000000,"ask_bid":"BID","sequential_id":1554639145000002},{"market":"KRW-EOS","trade_date_utc":"2019-04-07","trade_time_utc":"12:12:25","timestamp":1554639145000,"trade_price":6160.00000000,"trade_volume":49.29245166,"prev_closing_price":6125.00000000,"change_price":35.00000000,"ask_bid":"BID","sequential_id":1554639145000001},{"market":"KRW-EOS","trade_date_utc":"2019-04-07","trade_time_utc":"12:12:25","timestamp":1554639145000,"trade_price":6155.00000000,"trade_volume":54.37729229,"prev_closing_price":6125.00000000,"change_price":30.00000000,"ask_bid":"ASK","sequential_id":1554639145000000},{"market":"KRW-EOS","trade_date_utc":"2019-04-07","trade_time_utc":"12:12:15","timestamp":1554639135000,"trade_price":6160.00000000,"trade_volume":30.00000000,"prev_closing_price":6125.00000000,"change_price":35.00000000,"ask_bid":"BID","sequential_id":1554639135000000},{"market":"KRW-EOS","trade_date_utc":"2019-04-07","trade_time_utc":"12:12:14","timestamp":1554639134000,"trade_price":6160.00000000,"trade_volume":309.00000000,"prev_closing_price":6125.00000000,"change_price":35.00000000,"ask_bid":"BID","sequential_id":1554639134000000},{"market":"KRW-EOS","trade_date_utc":"2019-04-07","trade_time_utc":"12:12:11","timestamp":1554639131000,"trade_price":6155.00000000,"trade_volume":11.37286759,"prev_closing_price":6125.00000000,"change_price":30.00000000,"ask_bid":"ASK","sequential_id":1554639131000000},{"market":"KRW-EOS","trade_date_utc":"2019-04-07","trade_time_utc":"12:12:01","timestamp":1554639121000,"trade_price":6160.00000000,"trade_volume":1.98438481,"prev_closing_price":6125.00000000,"change_price":35.00000000,"ask_bid":"BID","sequential_id":1554639121000001},{"market":"KRW-EOS","trade_date_utc":"2019-04-07","trade_time_utc":"12:12:01","timestamp":1554639121000,"trade_price":6160.00000000,"trade_volume":8.01561519,"prev_closing_price":6125.00000000,"change_price":35.00000000,"ask_bid":"BID","sequential_id":1554639121000000},{"market":"KRW-EOS","trade_date_utc":"2019-04-07","trade_time_utc":"12:11:53","timestamp":1554639113000,"trade_price":6155.00000000,"trade_volume":100.00000000,"prev_closing_price":6125.00000000,"change_price":30.00000000,"ask_bid":"ASK","sequential_id":1554639113000000},{"market":"KRW-EOS","trade_date_utc":"2019-04-07","trade_time_utc":"12:11:49","timestamp":1554639109000,"trade_price":6160.00000000,"trade_volume":3.34802118,"prev_closing_price":6125.00000000,"change_price":35.00000000,"ask_bid":"BID","sequential_id":1554639109000002},{"market":"KRW-EOS","trade_date_utc":"2019-04-07","trade_time_utc":"12:11:49","timestamp":1554639109000,"trade_price":6160.00000000,"trade_volume":2.00000000,"prev_closing_price":6125.00000000,"change_price":35.00000000,"ask_bid":"BID","sequential_id":1554639109000001},{"market":"KRW-EOS","trade_date_utc":"2019-04-07","trade_time_utc":"12:11:49","timestamp":1554639109000,"trade_price":6160.00000000,"trade_volume":157.74275582,"prev_closing_price":6125.00000000,"change_price":35.00000000,"ask_bid":"BID","sequential_id":1554639109000000},{"market":"KRW-EOS","trade_date_utc":"2019-04-07","trade_time_utc":"12:11:45","timestamp":1554639105000,"trade_price":6160.00000000,"trade_volume":162.33766233,"prev_closing_price":6125.00000000,"change_price":35.00000000,"ask_bid":"BID","sequential_id":1554639105000000},{"market":"KRW-EOS","trade_date_utc":"2019-04-07","trade_time_utc":"12:11:31","timestamp":1554639091000,"trade_price":6160.00000000,"trade_volume":0.30163489,"prev_closing_price":6125.00000000,"change_price":35.00000000,"ask_bid":"BID","sequential_id":1554639091000000},{"market":"KRW-EOS","trade_date_utc":"2019-04-07","trade_time_utc":"12:11:21","timestamp":1554639081000,"trade_price":6160.00000000,"trade_volume":22.05932281,"prev_closing_price":6125.00000000,"change_price":35.00000000,"ask_bid":"BID","sequential_id":1554639081000000},{"market":"KRW-EOS","trade_date_utc":"2019-04-07","trade_time_utc":"12:11:20","timestamp":1554639080000,"trade_price":6155.00000000,"trade_volume":11.37286759,"prev_closing_price":6125.00000000,"change_price":30.00000000,"ask_bid":"BID","sequential_id":1554639080000001},{"market":"KRW-EOS","trade_date_utc":"2019-04-07","trade_time_utc":"12:11:20","timestamp":1554639080000,"trade_price":6155.00000000,"trade_volume":9.02550960,"prev_closing_price":6125.00000000,"change_price":30.00000000,"ask_bid":"BID","sequential_id":1554639080000000},{"market":"KRW-EOS","trade_date_utc":"2019-04-07","trade_time_utc":"12:11:18","timestamp":1554639078000,"trade_price":6155.00000000,"trade_volume":63.27683940,"prev_closing_price":6125.00000000,"change_price":30.00000000,"ask_bid":"BID","sequential_id":1554639078000000},{"market":"KRW-EOS","trade_date_utc":"2019-04-07","trade_time_utc":"12:11:08","timestamp":1554639068000,"trade_price":6155.00000000,"trade_volume":21.05850000,"prev_closing_price":6125.00000000,"change_price":30.00000000,"ask_bid":"BID","sequential_id":1554639068000000},{"market":"KRW-EOS","trade_date_utc":"2019-04-07","trade_time_utc":"12:11:06","timestamp":1554639066000,"trade_price":6155.00000000,"trade_volume":51.00000000,"prev_closing_price":6125.00000000,"change_price":30.00000000,"ask_bid":"BID","sequential_id":1554639066000000},{"market":"KRW-EOS","trade_date_utc":"2019-04-07","trade_time_utc":"12:11:04","timestamp":1554639064000,"trade_price":6155.00000000,"trade_volume":72.16969237,"prev_closing_price":6125.00000000,"change_price":30.00000000,"ask_bid":"BID","sequential_id":1554639064000000},{"market":"KRW-EOS","trade_date_utc":"2019-04-07","trade_time_utc":"12:11:00","timestamp":1554639060000,"trade_price":6155.00000000,"trade_volume":106.68945153,"prev_closing_price":6125.00000000,"change_price":30.00000000,"ask_bid":"ASK","sequential_id":1554639060000001},{"market":"KRW-EOS","trade_date_utc":"2019-04-07","trade_time_utc":"12:11:00","timestamp":1554639060000,"trade_price":6155.00000000,"trade_volume":52.26058870,"prev_closing_price":6125.00000000,"change_price":30.00000000,"ask_bid":"ASK","sequential_id":1554639060000000},{"market":"KRW-EOS","trade_date_utc":"2019-04-07","trade_time_utc":"12:10:46","timestamp":1554639046000,"trade_price":6155.00000000,"trade_volume":71.61424796,"prev_closing_price":6125.00000000,"change_price":30.00000000,"ask_bid":"BID","sequential_id":1554639046000000},{"market":"KRW-EOS","trade_date_utc":"2019-04-07","trade_time_utc":"12:10:45","timestamp":1554639045000,"trade_price":6155.00000000,"trade_volume":56.41267262,"prev_closing_price":6125.00000000,"change_price":30.00000000,"ask_bid":"ASK","sequential_id":1554639045000002},{"market":"KRW-EOS","trade_date_utc":"2019-04-07","trade_time_utc":"12:10:45","timestamp":1554639045000,"trade_price":6155.00000000,"trade_volume":100.00000000,"prev_closing_price":6125.00000000,"change_price":30.00000000,"ask_bid":"ASK","sequential_id":1554639045000001},{"market":"KRW-EOS","trade_date_utc":"2019-04-07","trade_time_utc":"12:10:45","timestamp":1554639045000,"trade_price":6155.00000000,"trade_volume":19.59516653,"prev_closing_price":6125.00000000,"change_price":30.00000000,"ask_bid":"ASK","sequential_id":1554639045000000},{"market":"KRW-EOS","trade_date_utc":"2019-04-07","trade_time_utc":"12:10:39","timestamp":1554639039000,"trade_price":6160.00000000,"trade_volume":88.28718757,"prev_closing_price":6125.00000000,"change_price":35.00000000,"ask_bid":"ASK","sequential_id":1554639039000003},{"market":"KRW-EOS","trade_date_utc":"2019-04-07","trade_time_utc":"12:10:39","timestamp":1554639039000,"trade_price":6160.00000000,"trade_volume":40.66051389,"prev_closing_price":6125.00000000,"change_price":35.00000000,"ask_bid":"ASK","sequential_id":1554639039000002},{"market":"KRW-EOS","trade_date_utc":"2019-04-07","trade_time_utc":"12:10:39","timestamp":1554639039000,"trade_price":6160.00000000,"trade_volume":352.77061549,"prev_closing_price":6125.00000000,"change_price":35.00000000,"ask_bid":"ASK","sequential_id":1554639039000001},{"market":"KRW-EOS","trade_date_utc":"2019-04-07","trade_time_utc":"12:10:39","timestamp":1554639039000,"trade_price":6160.00000000,"trade_volume":125.56850649,"prev_closing_price":6125.00000000,"change_price":35.00000000,"ask_bid":"ASK","sequential_id":1554639039000000},{"market":"KRW-EOS","trade_date_utc":"2019-04-07","trade_time_utc":"12:10:38","timestamp":1554639038000,"trade_price":6160.00000000,"trade_volume":133.02642105,"prev_closing_price":6125.00000000,"change_price":35.00000000,"ask_bid":"ASK","sequential_id":1554639038000003},{"market":"KRW-EOS","trade_date_utc":"2019-04-07","trade_time_utc":"12:10:38","timestamp":1554639038000,"trade_price":6160.00000000,"trade_volume":3.00000000,"prev_closing_price":6125.00000000,"change_price":35.00000000,"ask_bid":"ASK","sequential_id":1554639038000002},{"market":"KRW-EOS","trade_date_utc":"2019-04-07","trade_time_utc":"12:10:38","timestamp":1554639038000,"trade_price":6160.00000000,"trade_volume":6.65000035,"prev_closing_price":6125.00000000,"change_price":35.00000000,"ask_bid":"ASK","sequential_id":1554639038000001},{"market":"KRW-EOS","trade_date_utc":"2019-04-07","trade_time_utc":"12:10:38","timestamp":1554639038000,"trade_price":6160.00000000,"trade_volume":62.01087767,"prev_closing_price":6125.00000000,"change_price":35.00000000,"ask_bid":"ASK","sequential_id":1554639038000000},{"market":"KRW-EOS","trade_date_utc":"2019-04-07","trade_time_utc":"12:10:04","timestamp":1554639004000,"trade_price":6165.00000000,"trade_volume":216.04813105,"prev_closing_price":6125.00000000,"change_price":40.00000000,"ask_bid":"BID","sequential_id":1554639004000003},{"market":"KRW-EOS","trade_date_utc":"2019-04-07","trade_time_utc":"12:10:04","timestamp":1554639004000,"trade_price":6165.00000000,"trade_volume":25.00000000,"prev_closing_price":6125.00000000,"change_price":40.00000000,"ask_bid":"BID","sequential_id":1554639004000002},{"market":"KRW-EOS","trade_date_utc":"2019-04-07","trade_time_utc":"12:10:04","timestamp":1554639004000,"trade_price":6165.00000000,"trade_volume":11.35442012,"prev_closing_price":6125.00000000,"change_price":40.00000000,"ask_bid":"BID","sequential_id":1554639004000001},{"market":"KRW-EOS","trade_date_utc":"2019-04-07","trade_time_utc":"12:10:04","timestamp":1554639004000,"trade_price":6165.00000000,"trade_volume":141.52911235,"prev_closing_price":6125.00000000,"change_price":40.00000000,"ask_bid":"BID","sequential_id":1554639004000000},{"market":"KRW-EOS","trade_date_utc":"2019-04-07","trade_time_utc":"12:09:57","timestamp":1554638997000,"trade_price":6165.00000000,"trade_volume":80.00000000,"prev_closing_price":6125.00000000,"change_price":40.00000000,"ask_bid":"BID","sequential_id":1554638997000000},{"market":"KRW-EOS","trade_date_utc":"2019-04-07","trade_time_utc":"12:09:56","timestamp":1554638996000,"trade_price":6160.00000000,"trade_volume":11.36363637,"prev_closing_price":6125.00000000,"change_price":35.00000000,"ask_bid":"ASK","sequential_id":1554638996000000},{"market":"KRW-EOS","trade_date_utc":"2019-04-07","trade_time_utc":"12:09:48","timestamp":1554638988000,"trade_price":6160.00000000,"trade_volume":166.88319149,"prev_closing_price":6125.00000000,"change_price":35.00000000,"ask_bid":"ASK","sequential_id":1554638988000002},{"market":"KRW-EOS","trade_date_utc":"2019-04-07","trade_time_utc":"12:09:48","timestamp":1554638988000,"trade_price":6160.00000000,"trade_volume":11.32104658,"prev_closing_price":6125.00000000,"change_price":35.00000000,"ask_bid":"ASK","sequential_id":1554638988000001},{"market":"KRW-EOS","trade_date_utc":"2019-04-07","trade_time_utc":"12:09:48","timestamp":1554638988000,"trade_price":6160.00000000,"trade_volume":540.85662286,"prev_closing_price":6125.00000000,"change_price":35.00000000,"ask_bid":"ASK","sequential_id":1554638988000000},{"market":"KRW-EOS","trade_date_utc":"2019-04-07","trade_time_utc":"12:09:44","timestamp":1554638984000,"trade_price":6165.00000000,"trade_volume":10.00000000,"prev_closing_price":6125.00000000,"change_price":40.00000000,"ask_bid":"BID","sequential_id":1554638984000000},{"market":"KRW-EOS","trade_date_utc":"2019-04-07","trade_time_utc":"12:09:33","timestamp":1554638973000,"trade_price":6160.00000000,"trade_volume":8.67680051,"prev_closing_price":6125.00000000,"change_price":35.00000000,"ask_bid":"ASK","sequential_id":1554638973000000},{"market":"KRW-EOS","trade_date_utc":"2019-04-07","trade_time_utc":"12:09:28","timestamp":1554638968000,"trade_price":6165.00000000,"trade_volume":86.69890000,"prev_closing_price":6125.00000000,"change_price":40.00000000,"ask_bid":"BID","sequential_id":1554638968000000},{"market":"KRW-EOS","trade_date_utc":"2019-04-07","trade_time_utc":"12:09:22","timestamp":1554638962000,"trade_price":6165.00000000,"trade_volume":48.46410010,"prev_closing_price":6125.00000000,"change_price":40.00000000,"ask_bid":"BID","sequential_id":1554638962000001},{"market":"KRW-EOS","trade_date_utc":"2019-04-07","trade_time_utc":"12:09:22","timestamp":1554638962000,"trade_price":6165.00000000,"trade_volume":54.35278018,"prev_closing_price":6125.00000000,"change_price":40.00000000,"ask_bid":"BID","sequential_id":1554638962000000},{"market":"KRW-EOS","trade_date_utc":"2019-04-07","trade_time_utc":"12:09:05","timestamp":1554638945000,"trade_price":6165.00000000,"trade_volume":88.12771229,"prev_closing_price":6125.00000000,"change_price":40.00000000,"ask_bid":"BID","sequential_id":1554638945000000},{"market":"KRW-EOS","trade_date_utc":"2019-04-07","trade_time_utc":"12:08:56","timestamp":1554638936000,"trade_price":6160.00000000,"trade_volume":50.00000000,"prev_closing_price":6125.00000000,"change_price":35.00000000,"ask_bid":"ASK","sequential_id":1554638936000002},{"market":"KRW-EOS","trade_date_utc":"2019-04-07","trade_time_utc":"12:08:56","timestamp":1554638936000,"trade_price":6165.00000000,"trade_volume":320.44012180,"prev_closing_price":6125.00000000,"change_price":40.00000000,"ask_bid":"BID","sequential_id":1554638936000001},{"market":"KRW-EOS","trade_date_utc":"2019-04-07","trade_time_utc":"12:08:56","timestamp":1554638936000,"trade_price":6165.00000000,"trade_volume":11.35442012,"prev_closing_price":6125.00000000,"change_price":40.00000000,"ask_bid":"BID","sequential_id":1554638936000000},{"market":"KRW-EOS","trade_date_utc":"2019-04-07","trade_time_utc":"12:08:55","timestamp":1554638935000,"trade_price":6165.00000000,"trade_volume":297.49940802,"prev_closing_price":6125.00000000,"change_price":40.00000000,"ask_bid":"BID","sequential_id":1554638935000000},{"market":"KRW-EOS","trade_date_utc":"2019-04-07","trade_time_utc":"12:08:22","timestamp":1554638902000,"trade_price":6160.00000000,"trade_volume":88.01470000,"prev_closing_price":6125.00000000,"change_price":35.00000000,"ask_bid":"ASK","sequential_id":1554638902000000},{"market":"KRW-EOS","trade_date_utc":"2019-04-07","trade_time_utc":"12:08:15","timestamp":1554638895000,"trade_price":6160.00000000,"trade_volume":9.73352969,"prev_closing_price":6125.00000000,"change_price":35.00000000,"ask_bid":"ASK","sequential_id":1554638895000000},{"market":"KRW-EOS","trade_date_utc":"2019-04-07","trade_time_utc":"12:08:01","timestamp":1554638881000,"trade_price":6160.00000000,"trade_volume":645.25305736,"prev_closing_price":6125.00000000,"change_price":35.00000000,"ask_bid":"ASK","sequential_id":1554638881000000},{"market":"KRW-EOS","trade_date_utc":"2019-04-07","trade_time_utc":"12:08:00","timestamp":1554638880000,"trade_price":6160.00000000,"trade_volume":103.00000000,"prev_closing_price":6125.00000000,"change_price":35.00000000,"ask_bid":"ASK","sequential_id":1554638880000000},{"market":"KRW-EOS","trade_date_utc":"2019-04-07","trade_time_utc":"12:07:59","timestamp":1554638879000,"trade_price":6165.00000000,"trade_volume":0.08180674,"prev_closing_price":6125.00000000,"change_price":40.00000000,"ask_bid":"BID","sequential_id":1554638879000000},{"market":"KRW-EOS","trade_date_utc":"2019-04-07","trade_time_utc":"12:07:49","timestamp":1554638869000,"trade_price":6165.00000000,"trade_volume":10.00000000,"prev_closing_price":6125.00000000,"change_price":40.00000000,"ask_bid":"BID","sequential_id":1554638869000000},{"market":"KRW-EOS","trade_date_utc":"2019-04-07","trade_time_utc":"12:07:38","timestamp":1554638858000,"trade_price":6165.00000000,"trade_volume":32.44120032,"prev_closing_price":6125.00000000,"change_price":40.00000000,"ask_bid":"BID","sequential_id":1554638858000000},{"market":"KRW-EOS","trade_date_utc":"2019-04-07","trade_time_utc":"12:07:25","timestamp":1554638845000,"trade_price":6160.00000000,"trade_volume":159.82203703,"prev_closing_price":6125.00000000,"change_price":35.00000000,"ask_bid":"ASK","sequential_id":1554638845000000},{"market":"KRW-EOS","trade_date_utc":"2019-04-07","trade_time_utc":"12:07:24","timestamp":1554638844000,"trade_price":6160.00000000,"trade_volume":28.87284496,"prev_closing_price":6125.00000000,"change_price":35.00000000,"ask_bid":"ASK","sequential_id":1554638844000000},{"market":"KRW-EOS","trade_date_utc":"2019-04-07","trade_time_utc":"12:07:00","timestamp":1554638820000,"trade_price":6160.00000000,"trade_volume":128.26350000,"prev_closing_price":6125.00000000,"change_price":35.00000000,"ask_bid":"ASK","sequential_id":1554638820000000},{"market":"KRW-EOS","trade_date_utc":"2019-04-07","trade_time_utc":"12:06:37","timestamp":1554638797000,"trade_price":6160.00000000,"trade_volume":7.78155148,"prev_closing_price":6125.00000000,"change_price":35.00000000,"ask_bid":"ASK","sequential_id":1554638797000000},{"market":"KRW-EOS","trade_date_utc":"2019-04-07","trade_time_utc":"12:06:35","timestamp":1554638795000,"trade_price":6160.00000000,"trade_volume":106.24015592,"prev_closing_price":6125.00000000,"change_price":35.00000000,"ask_bid":"BID","sequential_id":1554638795000001},{"market":"KRW-EOS","trade_date_utc":"2019-04-07","trade_time_utc":"12:06:35","timestamp":1554638795000,"trade_price":6160.00000000,"trade_volume":335.32271328,"prev_closing_price":6125.00000000,"change_price":35.00000000,"ask_bid":"BID","sequential_id":1554638795000000},{"market":"KRW-EOS","trade_date_utc":"2019-04-07","trade_time_utc":"12:06:21","timestamp":1554638781000,"trade_price":6160.00000000,"trade_volume":16.22564935,"prev_closing_price":6125.00000000,"change_price":35.00000000,"ask_bid":"BID","sequential_id":1554638781000000},{"market":"KRW-EOS","trade_date_utc":"2019-04-07","trade_time_utc":"12:06:05","timestamp":1554638765000,"trade_price":6155.00000000,"trade_volume":400.50000000,"prev_closing_price":6125.00000000,"change_price":30.00000000,"ask_bid":"ASK","sequential_id":1554638765000000},{"market":"KRW-EOS","trade_date_utc":"2019-04-07","trade_time_utc":"12:06:00","timestamp":1554638760000,"trade_price":6155.00000000,"trade_volume":19.49282467,"prev_closing_price":6125.00000000,"change_price":30.00000000,"ask_bid":"ASK","sequential_id":1554638760000003},{"market":"KRW-EOS","trade_date_utc":"2019-04-07","trade_time_utc":"12:06:00","timestamp":1554638760000,"trade_price":6155.00000000,"trade_volume":150.00000000,"prev_closing_price":6125.00000000,"change_price":30.00000000,"ask_bid":"ASK","sequential_id":1554638760000002},{"market":"KRW-EOS","trade_date_utc":"2019-04-07","trade_time_utc":"12:06:00","timestamp":1554638760000,"trade_price":6155.00000000,"trade_volume":20.00000000,"prev_closing_price":6125.00000000,"change_price":30.00000000,"ask_bid":"ASK","sequential_id":1554638760000001},{"market":"KRW-EOS","trade_date_utc":"2019-04-07","trade_time_utc":"12:06:00","timestamp":1554638760000,"trade_price":6155.00000000,"trade_volume":10.50717533,"prev_closing_price":6125.00000000,"change_price":30.00000000,"ask_bid":"ASK","sequential_id":1554638760000000},{"market":"KRW-EOS","trade_date_utc":"2019-04-07","trade_time_utc":"12:05:49","timestamp":1554638749000,"trade_price":6160.00000000,"trade_volume":7.28254093,"prev_closing_price":6125.00000000,"change_price":35.00000000,"ask_bid":"BID","sequential_id":1554638749000001},{"market":"KRW-EOS","trade_date_utc":"2019-04-07","trade_time_utc":"12:05:49","timestamp":1554638749000,"trade_price":6160.00000000,"trade_volume":5.84186004,"prev_closing_price":6125.00000000,"change_price":35.00000000,"ask_bid":"BID","sequential_id":1554638749000000},{"market":"KRW-EOS","trade_date_utc":"2019-04-07","trade_time_utc":"12:05:46","timestamp":1554638746000,"trade_price":6160.00000000,"trade_volume":5.95239448,"prev_closing_price":6125.00000000,"change_price":35.00000000,"ask_bid":"BID","sequential_id":1554638746000000},{"market":"KRW-EOS","trade_date_utc":"2019-04-07","trade_time_utc":"12:05:36","timestamp":1554638736000,"trade_price":6160.00000000,"trade_volume":66.40266100,"prev_closing_price":6125.00000000,"change_price":35.00000000,"ask_bid":"BID","sequential_id":1554638736000000},{"market":"KRW-EOS","trade_date_utc":"2019-04-07","trade_time_utc":"12:05:29","timestamp":1554638729000,"trade_price":6160.00000000,"trade_volume":3.58221097,"prev_closing_price":6125.00000000,"change_price":35.00000000,"ask_bid":"ASK","sequential_id":1554638729000001},{"market":"KRW-EOS","trade_date_utc":"2019-04-07","trade_time_utc":"12:05:29","timestamp":1554638729000,"trade_price":6160.00000000,"trade_volume":6.50000000,"prev_closing_price":6125.00000000,"change_price":35.00000000,"ask_bid":"ASK","sequential_id":1554638729000000},{"market":"KRW-EOS","trade_date_utc":"2019-04-07","trade_time_utc":"12:05:13","timestamp":1554638713000,"trade_price":6160.00000000,"trade_volume":11.36363637,"prev_closing_price":6125.00000000,"change_price":35.00000000,"ask_bid":"ASK","sequential_id":1554638713000000},{"market":"KRW-EOS","trade_date_utc":"2019-04-07","trade_time_utc":"12:04:44","timestamp":1554638684000,"trade_price":6160.00000000,"trade_volume":285.05415266,"prev_closing_price":6125.00000000,"change_price":35.00000000,"ask_bid":"BID","sequential_id":1554638684000000},{"market":"KRW-EOS","trade_date_utc":"2019-04-07","trade_time_utc":"12:04:43","timestamp":1554638683000,"trade_price":6160.00000000,"trade_volume":200.00000000,"prev_closing_price":6125.00000000,"change_price":35.00000000,"ask_bid":"BID","sequential_id":1554638683000000},{"market":"KRW-EOS","trade_date_utc":"2019-04-07","trade_time_utc":"12:04:29","timestamp":1554638669000,"trade_price":6155.00000000,"trade_volume":3.00000000,"prev_closing_price":6125.00000000,"change_price":30.00000000,"ask_bid":"ASK","sequential_id":1554638669000000},{"market":"KRW-EOS","trade_date_utc":"2019-04-07","trade_time_utc":"12:04:28","timestamp":1554638668000,"trade_price":6160.00000000,"trade_volume":72.48418516,"prev_closing_price":6125.00000000,"change_price":35.00000000,"ask_bid":"BID","sequential_id":1554638668000002},{"market":"KRW-EOS","trade_date_utc":"2019-04-07","trade_time_utc":"12:04:28","timestamp":1554638668000,"trade_price":6160.00000000,"trade_volume":86.15217847,"prev_closing_price":6125.00000000,"change_price":35.00000000,"ask_bid":"BID","sequential_id":1554638668000001},{"market":"KRW-EOS","trade_date_utc":"2019-04-07","trade_time_utc":"12:04:28","timestamp":1554638668000,"trade_price":6160.00000000,"trade_volume":11.36363637,"prev_closing_price":6125.00000000,"change_price":35.00000000,"ask_bid":"BID","sequential_id":1554638668000000},{"market":"KRW-EOS","trade_date_utc":"2019-04-07","trade_time_utc":"12:04:27","timestamp":1554638667000,"trade_price":6155.00000000,"trade_volume":98.66525994,"prev_closing_price":6125.00000000,"change_price":30.00000000,"ask_bid":"BID","sequential_id":1554638667000004},{"market":"KRW-EOS","trade_date_utc":"2019-04-07","trade_time_utc":"12:04:27","timestamp":1554638667000,"trade_price":6155.00000000,"trade_volume":1.73830000,"prev_closing_price":6125.00000000,"change_price":30.00000000,"ask_bid":"BID","sequential_id":1554638667000003},{"market":"KRW-EOS","trade_date_utc":"2019-04-07","trade_time_utc":"12:04:27","timestamp":1554638667000,"trade_price":6155.00000000,"trade_volume":2.00390000,"prev_closing_price":6125.00000000,"change_price":30.00000000,"ask_bid":"BID","sequential_id":1554638667000002},{"market":"KRW-EOS","trade_date_utc":"2019-04-07","trade_time_utc":"12:04:27","timestamp":1554638667000,"trade_price":6155.00000000,"trade_volume":0.46380000,"prev_closing_price":6125.00000000,"change_price":30.00000000,"ask_bid":"BID","sequential_id":1554638667000001},{"market":"KRW-EOS","trade_date_utc":"2019-04-07","trade_time_utc":"12:04:27","timestamp":1554638667000,"trade_price":6155.00000000,"trade_volume":5.74000000,"prev_closing_price":6125.00000000,"change_price":30.00000000,"ask_bid":"BID","sequential_id":1554638667000000},{"market":"KRW-EOS","trade_date_utc":"2019-04-07","trade_time_utc":"12:04:26","timestamp":1554638666000,"trade_price":6155.00000000,"trade_volume":2.05730000,"prev_closing_price":6125.00000000,"change_price":30.00000000,"ask_bid":"BID","sequential_id":1554638666000014},{"market":"KRW-EOS","trade_date_utc":"2019-04-07","trade_time_utc":"12:04:26","timestamp":1554638666000,"trade_price":6155.00000000,"trade_volume":12.21020000,"prev_closing_price":6125.00000000,"change_price":30.00000000,"ask_bid":"BID","sequential_id":1554638666000013},{"market":"KRW-EOS","trade_date_utc":"2019-04-07","trade_time_utc":"12:04:26","timestamp":1554638666000,"trade_price":6155.00000000,"trade_volume":2.46250000,"prev_closing_price":6125.00000000,"change_price":30.00000000,"ask_bid":"BID","sequential_id":1554638666000012},{"market":"KRW-EOS","trade_date_utc":"2019-04-07","trade_time_utc":"12:04:26","timestamp":1554638666000,"trade_price":6155.00000000,"trade_volume":16.50880000,"prev_closing_price":6125.00000000,"change_price":30.00000000,"ask_bid":"BID","sequential_id":1554638666000011},{"market":"KRW-EOS","trade_date_utc":"2019-04-07","trade_time_utc":"12:04:26","timestamp":1554638666000,"trade_price":6155.00000000,"trade_volume":1.14830000,"prev_closing_price":6125.00000000,"change_price":30.00000000,"ask_bid":"BID","sequential_id":1554638666000010},{"market":"KRW-EOS","trade_date_utc":"2019-04-07","trade_time_utc":"12:04:26","timestamp":1554638666000,"trade_price":6155.00000000,"trade_volume":2.03830000,"prev_closing_price":6125.00000000,"change_price":30.00000000,"ask_bid":"BID","sequential_id":1554638666000009},{"market":"KRW-EOS","trade_date_utc":"2019-04-07","trade_time_utc":"12:04:26","timestamp":1554638666000,"trade_price":6155.00000000,"trade_volume":2.10860000,"prev_closing_price":6125.00000000,"change_price":30.00000000,"ask_bid":"BID","sequential_id":1554638666000008},{"market":"KRW-EOS","trade_date_utc":"2019-04-07","trade_time_utc":"12:04:26","timestamp":1554638666000,"trade_price":6155.00000000,"trade_volume":0.88430000,"prev_closing_price":6125.00000000,"change_price":30.00000000,"ask_bid":"BID","sequential_id":1554638666000007},{"market":"KRW-EOS","trade_date_utc":"2019-04-07","trade_time_utc":"12:04:26","timestamp":1554638666000,"trade_price":6155.00000000,"trade_volume":4.57200000,"prev_closing_price":6125.00000000,"change_price":30.00000000,"ask_bid":"BID","sequential_id":1554638666000006},{"market":"KRW-EOS","trade_date_utc":"2019-04-07","trade_time_utc":"12:04:26","timestamp":1554638666000,"trade_price":6155.00000000,"trade_volume":7.68490000,"prev_closing_price":6125.00000000,"change_price":30.00000000,"ask_bid":"BID","sequential_id":1554638666000005},{"market":"KRW-EOS","trade_date_utc":"2019-04-07","trade_time_utc":"12:04:26","timestamp":1554638666000,"trade_price":6155.00000000,"trade_volume":1.77430000,"prev_closing_price":6125.00000000,"change_price":30.00000000,"ask_bid":"BID","sequential_id":1554638666000004},{"market":"KRW-EOS","trade_date_utc":"2019-04-07","trade_time_utc":"12:04:26","timestamp":1554638666000,"trade_price":6155.00000000,"trade_volume":0.61380000,"prev_closing_price":6125.00000000,"change_price":30.00000000,"ask_bid":"BID","sequential_id":1554638666000003},{"market":"KRW-EOS","trade_date_utc":"2019-04-07","trade_time_utc":"12:04:26","timestamp":1554638666000,"trade_price":6155.00000000,"trade_volume":24.54130000,"prev_closing_price":6125.00000000,"change_price":30.00000000,"ask_bid":"BID","sequential_id":1554638666000002},{"market":"KRW-EOS","trade_date_utc":"2019-04-07","trade_time_utc":"12:04:26","timestamp":1554638666000,"trade_price":6155.00000000,"trade_volume":4.15390000,"prev_closing_price":6125.00000000,"change_price":30.00000000,"ask_bid":"BID","sequential_id":1554638666000001},{"market":"KRW-EOS","trade_date_utc":"2019-04-07","trade_time_utc":"12:04:26","timestamp":1554638666000,"trade_price":6155.00000000,"trade_volume":76.34490000,"prev_closing_price":6125.00000000,"change_price":30.00000000,"ask_bid":"BID","sequential_id":1554638666000000},{"market":"KRW-EOS","trade_date_utc":"2019-04-07","trade_time_utc":"12:04:25","timestamp":1554638665000,"trade_price":6155.00000000,"trade_volume":2.49340000,"prev_closing_price":6125.00000000,"change_price":30.00000000,"ask_bid":"BID","sequential_id":1554638665000019},{"market":"KRW-EOS","trade_date_utc":"2019-04-07","trade_time_utc":"12:04:25","timestamp":1554638665000,"trade_price":6155.00000000,"trade_volume":100.61890000,"prev_closing_price":6125.00000000,"change_price":30.00000000,"ask_bid":"BID","sequential_id":1554638665000018},{"market":"KRW-EOS","trade_date_utc":"2019-04-07","trade_time_utc":"12:04:25","timestamp":1554638665000,"trade_price":6155.00000000,"trade_volume":33.26160000,"prev_closing_price":6125.00000000,"change_price":30.00000000,"ask_bid":"BID","sequential_id":1554638665000017},{"market":"KRW-EOS","trade_date_utc":"2019-04-07","trade_time_utc":"12:04:25","timestamp":1554638665000,"trade_price":6155.00000000,"trade_volume":5.11010000,"prev_closing_price":6125.00000000,"change_price":30.00000000,"ask_bid":"BID","sequential_id":1554638665000016},{"market":"KRW-EOS","trade_date_utc":"2019-04-07","trade_time_utc":"12:04:25","timestamp":1554638665000,"trade_price":6155.00000000,"trade_volume":8.22400000,"prev_closing_price":6125.00000000,"change_price":30.00000000,"ask_bid":"BID","sequential_id":1554638665000015},{"market":"KRW-EOS","trade_date_utc":"2019-04-07","trade_time_utc":"12:04:25","timestamp":1554638665000,"trade_price":6155.00000000,"trade_volume":2.08460000,"prev_closing_price":6125.00000000,"change_price":30.00000000,"ask_bid":"BID","sequential_id":1554638665000014},{"market":"KRW-EOS","trade_date_utc":"2019-04-07","trade_time_utc":"12:04:25","timestamp":1554638665000,"trade_price":6155.00000000,"trade_volume":2.71470000,"prev_closing_price":6125.00000000,"change_price":30.00000000,"ask_bid":"BID","sequential_id":1554638665000013},{"market":"KRW-EOS","trade_date_utc":"2019-04-07","trade_time_utc":"12:04:25","timestamp":1554638665000,"trade_price":6155.00000000,"trade_volume":20.23030000,"prev_closing_price":6125.00000000,"change_price":30.00000000,"ask_bid":"BID","sequential_id":1554638665000012},{"market":"KRW-EOS","trade_date_utc":"2019-04-07","trade_time_utc":"12:04:25","timestamp":1554638665000,"trade_price":6155.00000000,"trade_volume":107.54774006,"prev_closing_price":6125.00000000,"change_price":30.00000000,"ask_bid":"BID","sequential_id":1554638665000011},{"market":"KRW-EOS","trade_date_utc":"2019-04-07","trade_time_utc":"12:04:25","timestamp":1554638665000,"trade_price":6155.00000000,"trade_volume":159.29765994,"prev_closing_price":6125.00000000,"change_price":30.00000000,"ask_bid":"BID","sequential_id":1554638665000010},{"market":"KRW-EOS","trade_date_utc":"2019-04-07","trade_time_utc":"12:04:25","timestamp":1554638665000,"trade_price":6155.00000000,"trade_volume":11.11580000,"prev_closing_price":6125.00000000,"change_price":30.00000000,"ask_bid":"BID","sequential_id":1554638665000009},{"market":"KRW-EOS","trade_date_utc":"2019-04-07","trade_time_utc":"12:04:25","timestamp":1554638665000,"trade_price":6155.00000000,"trade_volume":0.37020000,"prev_closing_price":6125.00000000,"change_price":30.00000000,"ask_bid":"BID","sequential_id":1554638665000008},{"market":"KRW-EOS","trade_date_utc":"2019-04-07","trade_time_utc":"12:04:25","timestamp":1554638665000,"trade_price":6155.00000000,"trade_volume":5.89330000,"prev_closing_price":6125.00000000,"change_price":30.00000000,"ask_bid":"BID","sequential_id":1554638665000007},{"market":"KRW-EOS","trade_date_utc":"2019-04-07","trade_time_utc":"12:04:25","timestamp":1554638665000,"trade_price":6155.00000000,"trade_volume":18.25810000,"prev_closing_price":6125.00000000,"change_price":30.00000000,"ask_bid":"BID","sequential_id":1554638665000006},{"market":"KRW-EOS","trade_date_utc":"2019-04-07","trade_time_utc":"12:04:25","timestamp":1554638665000,"trade_price":6155.00000000,"trade_volume":4.15080000,"prev_closing_price":6125.00000000,"change_price":30.00000000,"ask_bid":"BID","sequential_id":1554638665000005},{"market":"KRW-EOS","trade_date_utc":"2019-04-07","trade_time_utc":"12:04:25","timestamp":1554638665000,"trade_price":6160.00000000,"trade_volume":43.85112166,"prev_closing_price":6125.00000000,"change_price":35.00000000,"ask_bid":"BID","sequential_id":1554638665000004},{"market":"KRW-EOS","trade_date_utc":"2019-04-07","trade_time_utc":"12:04:25","timestamp":1554638665000,"trade_price":6155.00000000,"trade_volume":117.14887834,"prev_closing_price":6125.00000000,"change_price":30.00000000,"ask_bid":"BID","sequential_id":1554638665000003},{"market":"KRW-EOS","trade_date_utc":"2019-04-07","trade_time_utc":"12:04:25","timestamp":1554638665000,"trade_price":6155.00000000,"trade_volume":181.06755994,"prev_closing_price":6125.00000000,"change_price":30.00000000,"ask_bid":"BID","sequential_id":1554638665000002},{"market":"KRW-EOS","trade_date_utc":"2019-04-07","trade_time_utc":"12:04:25","timestamp":1554638665000,"trade_price":6155.00000000,"trade_volume":1.50830000,"prev_closing_price":6125.00000000,"change_price":30.00000000,"ask_bid":"BID","sequential_id":1554638665000001},{"market":"KRW-EOS","trade_date_utc":"2019-04-07","trade_time_utc":"12:04:25","timestamp":1554638665000,"trade_price":6155.00000000,"trade_volume":2.51090000,"prev_closing_price":6125.00000000,"change_price":30.00000000,"ask_bid":"BID","sequential_id":1554638665000000},{"market":"KRW-EOS","trade_date_utc":"2019-04-07","trade_time_utc":"12:04:24","timestamp":1554638664000,"trade_price":6155.00000000,"trade_volume":11.39850000,"prev_closing_price":6125.00000000,"change_price":30.00000000,"ask_bid":"BID","sequential_id":1554638664000013},{"market":"KRW-EOS","trade_date_utc":"2019-04-07","trade_time_utc":"12:04:24","timestamp":1554638664000,"trade_price":6155.00000000,"trade_volume":37.13800000,"prev_closing_price":6125.00000000,"change_price":30.00000000,"ask_bid":"BID","sequential_id":1554638664000012},{"market":"KRW-EOS","trade_date_utc":"2019-04-07","trade_time_utc":"12:04:24","timestamp":1554638664000,"trade_price":6155.00000000,"trade_volume":302.37764006,"prev_closing_price":6125.00000000,"change_price":30.00000000,"ask_bid":"BID","sequential_id":1554638664000011},{"market":"KRW-EOS","trade_date_utc":"2019-04-07","trade_time_utc":"12:04:24","timestamp":1554638664000,"trade_price":6155.00000000,"trade_volume":8.33850000,"prev_closing_price":6125.00000000,"change_price":30.00000000,"ask_bid":"BID","sequential_id":1554638664000010},{"market":"KRW-EOS","trade_date_utc":"2019-04-07","trade_time_utc":"12:04:24","timestamp":1554638664000,"trade_price":6155.00000000,"trade_volume":37.33480000,"prev_closing_price":6125.00000000,"change_price":30.00000000,"ask_bid":"BID","sequential_id":1554638664000009},{"market":"KRW-EOS","trade_date_utc":"2019-04-07","trade_time_utc":"12:04:24","timestamp":1554638664000,"trade_price":6155.00000000,"trade_volume":32.94000000,"prev_closing_price":6125.00000000,"change_price":30.00000000,"ask_bid":"BID","sequential_id":1554638664000008},{"market":"KRW-EOS","trade_date_utc":"2019-04-07","trade_time_utc":"12:04:24","timestamp":1554638664000,"trade_price":6155.00000000,"trade_volume":9.18000000,"prev_closing_price":6125.00000000,"change_price":30.00000000,"ask_bid":"BID","sequential_id":1554638664000007},{"market":"KRW-EOS","trade_date_utc":"2019-04-07","trade_time_utc":"12:04:24","timestamp":1554638664000,"trade_price":6155.00000000,"trade_volume":2.49880000,"prev_closing_price":6125.00000000,"change_price":30.00000000,"ask_bid":"BID","sequential_id":1554638664000006},{"market":"KRW-EOS","trade_date_utc":"2019-04-07","trade_time_utc":"12:04:24","timestamp":1554638664000,"trade_price":6155.00000000,"trade_volume":1.61270000,"prev_closing_price":6125.00000000,"change_price":30.00000000,"ask_bid":"BID","sequential_id":1554638664000005},{"market":"KRW-EOS","trade_date_utc":"2019-04-07","trade_time_utc":"12:04:24","timestamp":1554638664000,"trade_price":6155.00000000,"trade_volume":0.79340000,"prev_closing_price":6125.00000000,"change_price":30.00000000,"ask_bid":"BID","sequential_id":1554638664000004},{"market":"KRW-EOS","trade_date_utc":"2019-04-07","trade_time_utc":"12:04:24","timestamp":1554638664000,"trade_price":6155.00000000,"trade_volume":1.30680000,"prev_closing_price":6125.00000000,"change_price":30.00000000,"ask_bid":"BID","sequential_id":1554638664000003},{"market":"KRW-EOS","trade_date_utc":"2019-04-07","trade_time_utc":"12:04:24","timestamp":1554638664000,"trade_price":6155.00000000,"trade_volume":9.00130000,"prev_closing_price":6125.00000000,"change_price":30.00000000,"ask_bid":"BID","sequential_id":1554638664000002},{"market":"KRW-EOS","trade_date_utc":"2019-04-07","trade_time_utc":"12:04:24","timestamp":1554638664000,"trade_price":6155.00000000,"trade_volume":82.97670000,"prev_closing_price":6125.00000000,"change_price":30.00000000,"ask_bid":"BID","sequential_id":1554638664000001},{"market":"KRW-EOS","trade_date_utc":"2019-04-07","trade_time_utc":"12:04:24","timestamp":1554638664000,"trade_price":6155.00000000,"trade_volume":2.89930000,"prev_closing_price":6125.00000000,"change_price":30.00000000,"ask_bid":"BID","sequential_id":1554638664000000},{"market":"KRW-EOS","trade_date_utc":"2019-04-07","trade_time_utc":"12:04:23","timestamp":1554638663000,"trade_price":6155.00000000,"trade_volume":2.09160000,"prev_closing_price":6125.00000000,"change_price":30.00000000,"ask_bid":"BID","sequential_id":1554638663000009},{"market":"KRW-EOS","trade_date_utc":"2019-04-07","trade_time_utc":"12:04:23","timestamp":1554638663000,"trade_price":6155.00000000,"trade_volume":23.14360000,"prev_closing_price":6125.00000000,"change_price":30.00000000,"ask_bid":"BID","sequential_id":1554638663000008},{"market":"KRW-EOS","trade_date_utc":"2019-04-07","trade_time_utc":"12:04:23","timestamp":1554638663000,"trade_price":6155.00000000,"trade_volume":3.86240000,"prev_closing_price":6125.00000000,"change_price":30.00000000,"ask_bid":"BID","sequential_id":1554638663000007},{"market":"KRW-EOS","trade_date_utc":"2019-04-07","trade_time_utc":"12:04:23","timestamp":1554638663000,"trade_price":6155.00000000,"trade_volume":8.35490000,"prev_closing_price":6125.00000000,"change_price":30.00000000,"ask_bid":"BID","sequential_id":1554638663000006},{"market":"KRW-EOS","trade_date_utc":"2019-04-07","trade_time_utc":"12:04:23","timestamp":1554638663000,"trade_price":6155.00000000,"trade_volume":0.69490000,"prev_closing_price":6125.00000000,"change_price":30.00000000,"ask_bid":"BID","sequential_id":1554638663000005},{"market":"KRW-EOS","trade_date_utc":"2019-04-07","trade_time_utc":"12:04:23","timestamp":1554638663000,"trade_price":6155.00000000,"trade_volume":2.51350000,"prev_closing_price":6125.00000000,"change_price":30.00000000,"ask_bid":"BID","sequential_id":1554638663000004},{"market":"KRW-EOS","trade_date_utc":"2019-04-07","trade_time_utc":"12:04:23","timestamp":1554638663000,"trade_price":6155.00000000,"trade_volume":2.87630000,"prev_closing_price":6125.00000000,"change_price":30.00000000,"ask_bid":"BID","sequential_id":1554638663000003},{"market":"KRW-EOS","trade_date_utc":"2019-04-07","trade_time_utc":"12:04:23","timestamp":1554638663000,"trade_price":6155.00000000,"trade_volume":5.35950000,"prev_closing_price":6125.00000000,"change_price":30.00000000,"ask_bid":"BID","sequential_id":1554638663000002},{"market":"KRW-EOS","trade_date_utc":"2019-04-07","trade_time_utc":"12:04:23","timestamp":1554638663000,"trade_price":6155.00000000,"trade_volume":115.76137247,"prev_closing_price":6125.00000000,"change_price":30.00000000,"ask_bid":"BID","sequential_id":1554638663000001},{"market":"KRW-EOS","trade_date_utc":"2019-04-07","trade_time_utc":"12:04:23","timestamp":1554638663000,"trade_price":6155.00000000,"trade_volume":11.37286759,"prev_closing_price":6125.00000000,"change_price":30.00000000,"ask_bid":"BID","sequential_id":1554638663000000},{"market":"KRW-EOS","trade_date_utc":"2019-04-07","trade_time_utc":"12:04:21","timestamp":1554638661000,"trade_price":6150.00000000,"trade_volume":11.38211383,"prev_closing_price":6125.00000000,"change_price":25.00000000,"ask_bid":"ASK","sequential_id":1554638661000000},{"market":"KRW-EOS","trade_date_utc":"2019-04-07","trade_time_utc":"12:04:18","timestamp":1554638658000,"trade_price":6155.00000000,"trade_volume":60.79688051,"prev_closing_price":6125.00000000,"change_price":30.00000000,"ask_bid":"BID","sequential_id":1554638658000003},{"market":"KRW-EOS","trade_date_utc":"2019-04-07","trade_time_utc":"12:04:18","timestamp":1554638658000,"trade_price":6155.00000000,"trade_volume":167.59538929,"prev_closing_price":6125.00000000,"change_price":30.00000000,"ask_bid":"BID","sequential_id":1554638658000002},{"market":"KRW-EOS","trade_date_utc":"2019-04-07","trade_time_utc":"12:04:18","timestamp":1554638658000,"trade_price":6155.00000000,"trade_volume":130.00330013,"prev_closing_price":6125.00000000,"change_price":30.00000000,"ask_bid":"BID","sequential_id":1554638658000001},{"market":"KRW-EOS","trade_date_utc":"2019-04-07","trade_time_utc":"12:04:18","timestamp":1554638658000,"trade_price":6155.00000000,"trade_volume":131.60443007,"prev_closing_price":6125.00000000,"change_price":30.00000000,"ask_bid":"BID","sequential_id":1554638658000000},{"market":"KRW-EOS","trade_date_utc":"2019-04-07","trade_time_utc":"12:04:01","timestamp":1554638641000,"trade_price":6155.00000000,"trade_volume":153.57812564,"prev_closing_price":6125.00000000,"change_price":30.00000000,"ask_bid":"BID","sequential_id":1554638641000000},{"market":"KRW-EOS","trade_date_utc":"2019-04-07","trade_time_utc":"12:03:57","timestamp":1554638637000,"trade_price":6155.00000000,"trade_volume":17.68950000,"prev_closing_price":6125.00000000,"change_price":30.00000000,"ask_bid":"BID","sequential_id":1554638637000000},{"market":"KRW-EOS","trade_date_utc":"2019-04-07","trade_time_utc":"12:03:38","timestamp":1554638618000,"trade_price":6150.00000000,"trade_volume":458.86744244,"prev_closing_price":6125.00000000,"change_price":25.00000000,"ask_bid":"ASK","sequential_id":1554638618000002},{"market":"KRW-EOS","trade_date_utc":"2019-04-07","trade_time_utc":"12:03:38","timestamp":1554638618000,"trade_price":6150.00000000,"trade_volume":260.29143606,"prev_closing_price":6125.00000000,"change_price":25.00000000,"ask_bid":"ASK","sequential_id":1554638618000001},{"market":"KRW-EOS","trade_date_utc":"2019-04-07","trade_time_utc":"12:03:38","timestamp":1554638618000,"trade_price":6150.00000000,"trade_volume":150.00000000,"prev_closing_price":6125.00000000,"change_price":25.00000000,"ask_bid":"ASK","sequential_id":1554638618000000},{"market":"KRW-EOS","trade_date_utc":"2019-04-07","trade_time_utc":"12:03:36","timestamp":1554638616000,"trade_price":6155.00000000,"trade_volume":48.74768139,"prev_closing_price":6125.00000000,"change_price":30.00000000,"ask_bid":"BID","sequential_id":1554638616000000},{"market":"KRW-EOS","trade_date_utc":"2019-04-07","trade_time_utc":"12:03:32","timestamp":1554638612000,"trade_price":6155.00000000,"trade_volume":108.35654997,"prev_closing_price":6125.00000000,"change_price":30.00000000,"ask_bid":"BID","sequential_id":1554638612000001},{"market":"KRW-EOS","trade_date_utc":"2019-04-07","trade_time_utc":"12:03:32","timestamp":1554638612000,"trade_price":6155.00000000,"trade_volume":276.40346644,"prev_closing_price":6125.00000000,"change_price":30.00000000,"ask_bid":"BID","sequential_id":1554638612000000},{"market":"KRW-EOS","trade_date_utc":"2019-04-07","trade_time_utc":"12:03:04","timestamp":1554638584000,"trade_price":6155.00000000,"trade_volume":18.83609035,"prev_closing_price":6125.00000000,"change_price":30.00000000,"ask_bid":"BID","sequential_id":1554638584000000},{"market":"KRW-EOS","trade_date_utc":"2019-04-07","trade_time_utc":"12:03:01","timestamp":1554638581000,"trade_price":6155.00000000,"trade_volume":214.28635803,"prev_closing_price":6125.00000000,"change_price":30.00000000,"ask_bid":"BID","sequential_id":1554638581000000},{"market":"KRW-EOS","trade_date_utc":"2019-04-07","trade_time_utc":"12:02:46","timestamp":1554638566000,"trade_price":6155.00000000,"trade_volume":58.96428426,"prev_closing_price":6125.00000000,"change_price":30.00000000,"ask_bid":"BID","sequential_id":1554638566000000},{"market":"KRW-EOS","trade_date_utc":"2019-04-07","trade_time_utc":"12:02:10","timestamp":1554638530000,"trade_price":6150.00000000,"trade_volume":11.38211383,"prev_closing_price":6125.00000000,"change_price":25.00000000,"ask_bid":"BID","sequential_id":1554638530000000},{"market":"KRW-EOS","trade_date_utc":"2019-04-07","trade_time_utc":"12:01:58","timestamp":1554638518000,"trade_price":6145.00000000,"trade_volume":170.00000000,"prev_closing_price":6125.00000000,"change_price":20.00000000,"ask_bid":"ASK","sequential_id":1554638518000000},{"market":"KRW-EOS","trade_date_utc":"2019-04-07","trade_time_utc":"12:01:50","timestamp":1554638510000,"trade_price":6145.00000000,"trade_volume":308.40948255,"prev_closing_price":6125.00000000,"change_price":20.00000000,"ask_bid":"ASK","sequential_id":1554638510000002},{"market":"KRW-EOS","trade_date_utc":"2019-04-07","trade_time_utc":"12:01:50","timestamp":1554638510000,"trade_price":6145.00000000,"trade_volume":42.17109877,"prev_closing_price":6125.00000000,"change_price":20.00000000,"ask_bid":"ASK","sequential_id":1554638510000001},{"market":"KRW-EOS","trade_date_utc":"2019-04-07","trade_time_utc":"12:01:50","timestamp":1554638510000,"trade_price":6145.00000000,"trade_volume":150.00000000,"prev_closing_price":6125.00000000,"change_price":20.00000000,"ask_bid":"ASK","sequential_id":1554638510000000},{"market":"KRW-EOS","trade_date_utc":"2019-04-07","trade_time_utc":"12:01:42","timestamp":1554638502000,"trade_price":6150.00000000,"trade_volume":0.53434073,"prev_closing_price":6125.00000000,"change_price":25.00000000,"ask_bid":"BID","sequential_id":1554638502000014},{"market":"KRW-EOS","trade_date_utc":"2019-04-07","trade_time_utc":"12:01:42","timestamp":1554638502000,"trade_price":6150.00000000,"trade_volume":3.58150000,"prev_closing_price":6125.00000000,"change_price":25.00000000,"ask_bid":"BID","sequential_id":1554638502000013},{"market":"KRW-EOS","trade_date_utc":"2019-04-07","trade_time_utc":"12:01:42","timestamp":1554638502000,"trade_price":6150.00000000,"trade_volume":0.41810000,"prev_closing_price":6125.00000000,"change_price":25.00000000,"ask_bid":"BID","sequential_id":1554638502000012},{"market":"KRW-EOS","trade_date_utc":"2019-04-07","trade_time_utc":"12:01:42","timestamp":1554638502000,"trade_price":6150.00000000,"trade_volume":2.09030000,"prev_closing_price":6125.00000000,"change_price":25.00000000,"ask_bid":"BID","sequential_id":1554638502000011},{"market":"KRW-EOS","trade_date_utc":"2019-04-07","trade_time_utc":"12:01:42","timestamp":1554638502000,"trade_price":6150.00000000,"trade_volume":40.23660000,"prev_closing_price":6125.00000000,"change_price":25.00000000,"ask_bid":"BID","sequential_id":1554638502000010},{"market":"KRW-EOS","trade_date_utc":"2019-04-07","trade_time_utc":"12:01:42","timestamp":1554638502000,"trade_price":6150.00000000,"trade_volume":2.07770000,"prev_closing_price":6125.00000000,"change_price":25.00000000,"ask_bid":"BID","sequential_id":1554638502000009},{"market":"KRW-EOS","trade_date_utc":"2019-04-07","trade_time_utc":"12:01:42","timestamp":1554638502000,"trade_price":6150.00000000,"trade_volume":4.18210000,"prev_closing_price":6125.00000000,"change_price":25.00000000,"ask_bid":"BID","sequential_id":1554638502000008},{"market":"KRW-EOS","trade_date_utc":"2019-04-07","trade_time_utc":"12:01:42","timestamp":1554638502000,"trade_price":6150.00000000,"trade_volume":2.15490000,"prev_closing_price":6125.00000000,"change_price":25.00000000,"ask_bid":"BID","sequential_id":1554638502000007},{"market":"KRW-EOS","trade_date_utc":"2019-04-07","trade_time_utc":"12:01:42","timestamp":1554638502000,"trade_price":6150.00000000,"trade_volume":2.10000000,"prev_closing_price":6125.00000000,"change_price":25.00000000,"ask_bid":"BID","sequential_id":1554638502000006},{"market":"KRW-EOS","trade_date_utc":"2019-04-07","trade_time_utc":"12:01:42","timestamp":1554638502000,"trade_price":6150.00000000,"trade_volume":7.13750000,"prev_closing_price":6125.00000000,"change_price":25.00000000,"ask_bid":"BID","sequential_id":1554638502000005},{"market":"KRW-EOS","trade_date_utc":"2019-04-07","trade_time_utc":"12:01:42","timestamp":1554638502000,"trade_price":6150.00000000,"trade_volume":10.16300000,"prev_closing_price":6125.00000000,"change_price":25.00000000,"ask_bid":"BID","sequential_id":1554638502000004},{"market":"KRW-EOS","trade_date_utc":"2019-04-07","trade_time_utc":"12:01:42","timestamp":1554638502000,"trade_price":6150.00000000,"trade_volume":40.33830000,"prev_closing_price":6125.00000000,"change_price":25.00000000,"ask_bid":"BID","sequential_id":1554638502000003},{"market":"KRW-EOS","trade_date_utc":"2019-04-07","trade_time_utc":"12:01:42","timestamp":1554638502000,"trade_price":6150.00000000,"trade_volume":2.44460000,"prev_closing_price":6125.00000000,"change_price":25.00000000,"ask_bid":"BID","sequential_id":1554638502000002},{"market":"KRW-EOS","trade_date_utc":"2019-04-07","trade_time_utc":"12:01:42","timestamp":1554638502000,"trade_price":6150.00000000,"trade_volume":2.46660000,"prev_closing_price":6125.00000000,"change_price":25.00000000,"ask_bid":"BID","sequential_id":1554638502000001},{"market":"KRW-EOS","trade_date_utc":"2019-04-07","trade_time_utc":"12:01:42","timestamp":1554638502000,"trade_price":6150.00000000,"trade_volume":3.38920000,"prev_closing_price":6125.00000000,"change_price":25.00000000,"ask_bid":"BID","sequential_id":1554638502000000},{"market":"KRW-EOS","trade_date_utc":"2019-04-07","trade_time_utc":"12:01:41","timestamp":1554638501000,"trade_price":6150.00000000,"trade_volume":8.71040000,"prev_closing_price":6125.00000000,"change_price":25.00000000,"ask_bid":"BID","sequential_id":1554638501000003},{"market":"KRW-EOS","trade_date_utc":"2019-04-07","trade_time_utc":"12:01:41","timestamp":1554638501000,"trade_price":6150.00000000,"trade_volume":6.42280000,"prev_closing_price":6125.00000000,"change_price":25.00000000,"ask_bid":"BID","sequential_id":1554638501000002},{"market":"KRW-EOS","trade_date_utc":"2019-04-07","trade_time_utc":"12:01:41","timestamp":1554638501000,"trade_price":6150.00000000,"trade_volume":16.47545927,"prev_closing_price":6125.00000000,"change_price":25.00000000,"ask_bid":"BID","sequential_id":1554638501000001},{"market":"KRW-EOS","trade_date_utc":"2019-04-07","trade_time_utc":"12:01:41","timestamp":1554638501000,"trade_price":6150.00000000,"trade_volume":15.07660000,"prev_closing_price":6125.00000000,"change_price":25.00000000,"ask_bid":"BID","sequential_id":1554638501000000},{"market":"KRW-EOS","trade_date_utc":"2019-04-07","trade_time_utc":"12:01:39","timestamp":1554638499000,"trade_price":6150.00000000,"trade_volume":8.19000000,"prev_closing_price":6125.00000000,"change_price":25.00000000,"ask_bid":"BID","sequential_id":1554638499000000},{"market":"KRW-EOS","trade_date_utc":"2019-04-07","trade_time_utc":"12:01:31","timestamp":1554638491000,"trade_price":6145.00000000,"trade_volume":76.52900000,"prev_closing_price":6125.00000000,"change_price":20.00000000,"ask_bid":"ASK","sequential_id":1554638491000000},{"market":"KRW-EOS","trade_date_utc":"2019-04-07","trade_time_utc":"12:01:25","timestamp":1554638485000,"trade_price":6145.00000000,"trade_volume":11.80229253,"prev_closing_price":6125.00000000,"change_price":20.00000000,"ask_bid":"ASK","sequential_id":1554638485000002},{"market":"KRW-EOS","trade_date_utc":"2019-04-07","trade_time_utc":"12:01:25","timestamp":1554638485000,"trade_price":6145.00000000,"trade_volume":66.22823433,"prev_closing_price":6125.00000000,"change_price":20.00000000,"ask_bid":"ASK","sequential_id":1554638485000001},{"market":"KRW-EOS","trade_date_utc":"2019-04-07","trade_time_utc":"12:01:25","timestamp":1554638485000,"trade_price":6145.00000000,"trade_volume":5.30397314,"prev_closing_price":6125.00000000,"change_price":20.00000000,"ask_bid":"ASK","sequential_id":1554638485000000},{"market":"KRW-EOS","trade_date_utc":"2019-04-07","trade_time_utc":"12:01:06","timestamp":1554638466000,"trade_price":6145.00000000,"trade_volume":26.63498008,"prev_closing_price":6125.00000000,"change_price":20.00000000,"ask_bid":"ASK","sequential_id":1554638466000001},{"market":"KRW-EOS","trade_date_utc":"2019-04-07","trade_time_utc":"12:01:06","timestamp":1554638466000,"trade_price":6145.00000000,"trade_volume":8.13669650,"prev_closing_price":6125.00000000,"change_price":20.00000000,"ask_bid":"ASK","sequential_id":1554638466000000},{"market":"KRW-EOS","trade_date_utc":"2019-04-07","trade_time_utc":"12:01:05","timestamp":1554638465000,"trade_price":6145.00000000,"trade_volume":26.98522342,"prev_closing_price":6125.00000000,"change_price":20.00000000,"ask_bid":"ASK","sequential_id":1554638465000002},{"market":"KRW-EOS","trade_date_utc":"2019-04-07","trade_time_utc":"12:01:05","timestamp":1554638465000,"trade_price":6145.00000000,"trade_volume":83.92918336,"prev_closing_price":6125.00000000,"change_price":20.00000000,"ask_bid":"ASK","sequential_id":1554638465000001},{"market":"KRW-EOS","trade_date_utc":"2019-04-07","trade_time_utc":"12:01:05","timestamp":1554638465000,"trade_price":6145.00000000,"trade_volume":17.39681664,"prev_closing_price":6125.00000000,"change_price":20.00000000,"ask_bid":"ASK","sequential_id":1554638465000000},{"market":"KRW-EOS","trade_date_utc":"2019-04-07","trade_time_utc":"12:01:04","timestamp":1554638464000,"trade_price":6145.00000000,"trade_volume":75.12600000,"prev_closing_price":6125.00000000,"change_price":20.00000000,"ask_bid":"ASK","sequential_id":1554638464000000},{"market":"KRW-EOS","trade_date_utc":"2019-04-07","trade_time_utc":"12:00:57","timestamp":1554638457000,"trade_price":6150.00000000,"trade_volume":15.99362920,"prev_closing_price":6125.00000000,"change_price":25.00000000,"ask_bid":"BID","sequential_id":1554638457000000},{"market":"KRW-EOS","trade_date_utc":"2019-04-07","trade_time_utc":"12:00:22","timestamp":1554638422000,"trade_price":6150.00000000,"trade_volume":28.09589153,"prev_closing_price":6125.00000000,"change_price":25.00000000,"ask_bid":"BID","sequential_id":1554638422000000},{"market":"KRW-EOS","trade_date_utc":"2019-04-07","trade_time_utc":"12:00:08","timestamp":1554638408000,"trade_price":6145.00000000,"trade_volume":11.39137511,"prev_closing_price":6125.00000000,"change_price":20.00000000,"ask_bid":"ASK","sequential_id":1554638408000000},{"market":"KRW-EOS","trade_date_utc":"2019-04-07","trade_time_utc":"11:59:50","timestamp":1554638390000,"trade_price":6150.00000000,"trade_volume":101.05767219,"prev_closing_price":6125.00000000,"change_price":25.00000000,"ask_bid":"BID","sequential_id":1554638390000001},{"market":"KRW-EOS","trade_date_utc":"2019-04-07","trade_time_utc":"11:59:50","timestamp":1554638390000,"trade_price":6150.00000000,"trade_volume":11.38211383,"prev_closing_price":6125.00000000,"change_price":25.00000000,"ask_bid":"BID","sequential_id":1554638390000000},{"market":"KRW-EOS","trade_date_utc":"2019-04-07","trade_time_utc":"11:59:39","timestamp":1554638379000,"trade_price":6145.00000000,"trade_volume":11.39137511,"prev_closing_price":6125.00000000,"change_price":20.00000000,"ask_bid":"ASK","sequential_id":1554638379000000},{"market":"KRW-EOS","trade_date_utc":"2019-04-07","trade_time_utc":"11:59:37","timestamp":1554638377000,"trade_price":6145.00000000,"trade_volume":4.93787431,"prev_closing_price":6125.00000000,"change_price":20.00000000,"ask_bid":"ASK","sequential_id":1554638377000000},{"market":"KRW-EOS","trade_date_utc":"2019-04-07","trade_time_utc":"11:59:36","timestamp":1554638376000,"trade_price":6145.00000000,"trade_volume":32.91347216,"prev_closing_price":6125.00000000,"change_price":20.00000000,"ask_bid":"ASK","sequential_id":1554638376000000},{"market":"KRW-EOS","trade_date_utc":"2019-04-07","trade_time_utc":"11:59:27","timestamp":1554638367000,"trade_price":6145.00000000,"trade_volume":813.99640000,"prev_closing_price":6125.00000000,"change_price":20.00000000,"ask_bid":"ASK","sequential_id":1554638367000000},{"market":"KRW-EOS","trade_date_utc":"2019-04-07","trade_time_utc":"11:59:20","timestamp":1554638360000,"trade_price":6145.00000000,"trade_volume":0.42727272,"prev_closing_price":6125.00000000,"change_price":20.00000000,"ask_bid":"ASK","sequential_id":1554638360000001},{"market":"KRW-EOS","trade_date_utc":"2019-04-07","trade_time_utc":"11:59:20","timestamp":1554638360000,"trade_price":6145.00000000,"trade_volume":148.21930000,"prev_closing_price":6125.00000000,"change_price":20.00000000,"ask_bid":"ASK","sequential_id":1554638360000000},{"market":"KRW-EOS","trade_date_utc":"2019-04-07","trade_time_utc":"11:59:19","timestamp":1554638359000,"trade_price":6145.00000000,"trade_volume":0.42727272,"prev_closing_price":6125.00000000,"change_price":20.00000000,"ask_bid":"ASK","sequential_id":1554638359000000},{"market":"KRW-EOS","trade_date_utc":"2019-04-07","trade_time_utc":"11:59:18","timestamp":1554638358000,"trade_price":6145.00000000,"trade_volume":57.98770000,"prev_closing_price":6125.00000000,"change_price":20.00000000,"ask_bid":"ASK","sequential_id":1554638358000000},{"market":"KRW-EOS","trade_date_utc":"2019-04-07","trade_time_utc":"11:59:16","timestamp":1554638356000,"trade_price":6145.00000000,"trade_volume":59.26650000,"prev_closing_price":6125.00000000,"change_price":20.00000000,"ask_bid":"ASK","sequential_id":1554638356000001},{"market":"KRW-EOS","trade_date_utc":"2019-04-07","trade_time_utc":"11:59:16","timestamp":1554638356000,"trade_price":6145.00000000,"trade_volume":11.39137511,"prev_closing_price":6125.00000000,"change_price":20.00000000,"ask_bid":"ASK","sequential_id":1554638356000000},{"market":"KRW-EOS","trade_date_utc":"2019-04-07","trade_time_utc":"11:59:15","timestamp":1554638355000,"trade_price":6145.00000000,"trade_volume":93.37710000,"prev_closing_price":6125.00000000,"change_price":20.00000000,"ask_bid":"ASK","sequential_id":1554638355000001},{"market":"KRW-EOS","trade_date_utc":"2019-04-07","trade_time_utc":"11:59:15","timestamp":1554638355000,"trade_price":6145.00000000,"trade_volume":77.87970000,"prev_closing_price":6125.00000000,"change_price":20.00000000,"ask_bid":"ASK","sequential_id":1554638355000000},{"market":"KRW-EOS","trade_date_utc":"2019-04-07","trade_time_utc":"11:58:57","timestamp":1554638337000,"trade_price":6145.00000000,"trade_volume":114.16420000,"prev_closing_price":6125.00000000,"change_price":20.00000000,"ask_bid":"ASK","sequential_id":1554638337000000},{"market":"KRW-EOS","trade_date_utc":"2019-04-07","trade_time_utc":"11:58:54","timestamp":1554638334000,"trade_price":6145.00000000,"trade_volume":88.36000000,"prev_closing_price":6125.00000000,"change_price":20.00000000,"ask_bid":"ASK","sequential_id":1554638334000000},{"market":"KRW-EOS","trade_date_utc":"2019-04-07","trade_time_utc":"11:58:51","timestamp":1554638331000,"trade_price":6145.00000000,"trade_volume":68.60150000,"prev_closing_price":6125.00000000,"change_price":20.00000000,"ask_bid":"ASK","sequential_id":1554638331000000},{"market":"KRW-EOS","trade_date_utc":"2019-04-07","trade_time_utc":"11:58:50","timestamp":1554638330000,"trade_price":6145.00000000,"trade_volume":62.67000000,"prev_closing_price":6125.00000000,"change_price":20.00000000,"ask_bid":"ASK","sequential_id":1554638330000000},{"market":"KRW-EOS","trade_date_utc":"2019-04-07","trade_time_utc":"11:58:33","timestamp":1554638313000,"trade_price":6145.00000000,"trade_volume":113.71243148,"prev_closing_price":6125.00000000,"change_price":20.00000000,"ask_bid":"ASK","sequential_id":1554638313000000},{"market":"KRW-EOS","trade_date_utc":"2019-04-07","trade_time_utc":"11:58:07","timestamp":1554638287000,"trade_price":6145.00000000,"trade_volume":19.18282966,"prev_closing_price":6125.00000000,"change_price":20.00000000,"ask_bid":"ASK","sequential_id":1554638287000000},{"market":"KRW-EOS","trade_date_utc":"2019-04-07","trade_time_utc":"11:57:23","timestamp":1554638243000,"trade_price":6150.00000000,"trade_volume":1.00000000,"prev_closing_price":6125.00000000,"change_price":25.00000000,"ask_bid":"ASK","sequential_id":1554638243000000},{"market":"KRW-EOS","trade_date_utc":"2019-04-07","trade_time_utc":"11:56:52","timestamp":1554638212000,"trade_price":6145.00000000,"trade_volume":7.36291531,"prev_closing_price":6125.00000000,"change_price":20.00000000,"ask_bid":"ASK","sequential_id":1554638212000000},{"market":"KRW-EOS","trade_date_utc":"2019-04-07","trade_time_utc":"11:56:39","timestamp":1554638199000,"trade_price":6145.00000000,"trade_volume":1097.45070623,"prev_closing_price":6125.00000000,"change_price":20.00000000,"ask_bid":"ASK","sequential_id":1554638199000001},{"market":"KRW-EOS","trade_date_utc":"2019-04-07","trade_time_utc":"11:56:39","timestamp":1554638199000,"trade_price":6145.00000000,"trade_volume":176.61551648,"prev_closing_price":6125.00000000,"change_price":20.00000000,"ask_bid":"ASK","sequential_id":1554638199000000},{"market":"KRW-EOS","trade_date_utc":"2019-04-07","trade_time_utc":"11:56:38","timestamp":1554638198000,"trade_price":6145.00000000,"trade_volume":86.62155974,"prev_closing_price":6125.00000000,"change_price":20.00000000,"ask_bid":"ASK","sequential_id":1554638198000001},{"market":"KRW-EOS","trade_date_utc":"2019-04-07","trade_time_utc":"11:56:38","timestamp":1554638198000,"trade_price":6145.00000000,"trade_volume":22.53584355,"prev_closing_price":6125.00000000,"change_price":20.00000000,"ask_bid":"ASK","sequential_id":1554638198000000},{"market":"KRW-EOS","trade_date_utc":"2019-04-07","trade_time_utc":"11:56:33","timestamp":1554638193000,"trade_price":6145.00000000,"trade_volume":106.81560000,"prev_closing_price":6125.00000000,"change_price":20.00000000,"ask_bid":"ASK","sequential_id":1554638193000001},{"market":"KRW-EOS","trade_date_utc":"2019-04-07","trade_time_utc":"11:56:33","timestamp":1554638193000,"trade_price":6155.00000000,"trade_volume":132.30739236,"prev_closing_price":6125.00000000,"change_price":30.00000000,"ask_bid":"BID","sequential_id":1554638193000000},{"market":"KRW-EOS","trade_date_utc":"2019-04-07","trade_time_utc":"11:56:23","timestamp":1554638183000,"trade_price":6155.00000000,"trade_volume":10.73139723,"prev_closing_price":6125.00000000,"change_price":30.00000000,"ask_bid":"BID","sequential_id":1554638183000000},{"market":"KRW-EOS","trade_date_utc":"2019-04-07","trade_time_utc":"11:56:15","timestamp":1554638175000,"trade_price":6155.00000000,"trade_volume":214.50081234,"prev_closing_price":6125.00000000,"change_price":30.00000000,"ask_bid":"BID","sequential_id":1554638175000000},{"market":"KRW-EOS","trade_date_utc":"2019-04-07","trade_time_utc":"11:56:03","timestamp":1554638163000,"trade_price":6155.00000000,"trade_volume":6.33000000,"prev_closing_price":6125.00000000,"change_price":30.00000000,"ask_bid":"BID","sequential_id":1554638163000000},{"market":"KRW-EOS","trade_date_utc":"2019-04-07","trade_time_utc":"11:55:59","timestamp":1554638159000,"trade_price":6145.00000000,"trade_volume":132.03070000,"prev_closing_price":6125.00000000,"change_price":20.00000000,"ask_bid":"ASK","sequential_id":1554638159000000},{"market":"KRW-EOS","trade_date_utc":"2019-04-07","trade_time_utc":"11:55:50","timestamp":1554638150000,"trade_price":6150.00000000,"trade_volume":2.99850074,"prev_closing_price":6125.00000000,"change_price":25.00000000,"ask_bid":"ASK","sequential_id":1554638150000002},{"market":"KRW-EOS","trade_date_utc":"2019-04-07","trade_time_utc":"11:55:50","timestamp":1554638150000,"trade_price":6145.00000000,"trade_volume":3.0E-7,"prev_closing_price":6125.00000000,"change_price":20.00000000,"ask_bid":"ASK","sequential_id":1554638150000001},{"market":"KRW-EOS","trade_date_utc":"2019-04-07","trade_time_utc":"11:55:50","timestamp":1554638150000,"trade_price":6150.00000000,"trade_volume":90.87993696,"prev_closing_price":6125.00000000,"change_price":25.00000000,"ask_bid":"ASK","sequential_id":1554638150000000},{"market":"KRW-EOS","trade_date_utc":"2019-04-07","trade_time_utc":"11:55:48","timestamp":1554638148000,"trade_price":6155.00000000,"trade_volume":36.98600800,"prev_closing_price":6125.00000000,"change_price":30.00000000,"ask_bid":"BID","sequential_id":1554638148000000},{"market":"KRW-EOS","trade_date_utc":"2019-04-07","trade_time_utc":"11:55:47","timestamp":1554638147000,"trade_price":6155.00000000,"trade_volume":11.37286759,"prev_closing_price":6125.00000000,"change_price":30.00000000,"ask_bid":"BID","sequential_id":1554638147000002},{"market":"KRW-EOS","trade_date_utc":"2019-04-07","trade_time_utc":"11:55:47","timestamp":1554638147000,"trade_price":6155.00000000,"trade_volume":80.00000000,"prev_closing_price":6125.00000000,"change_price":30.00000000,"ask_bid":"BID","sequential_id":1554638147000001},{"market":"KRW-EOS","trade_date_utc":"2019-04-07","trade_time_utc":"11:55:47","timestamp":1554638147000,"trade_price":6155.00000000,"trade_volume":5.00773692,"prev_closing_price":6125.00000000,"change_price":30.00000000,"ask_bid":"BID","sequential_id":1554638147000000},{"market":"KRW-EOS","trade_date_utc":"2019-04-07","trade_time_utc":"11:55:43","timestamp":1554638143000,"trade_price":6155.00000000,"trade_volume":1.26400000,"prev_closing_price":6125.00000000,"change_price":30.00000000,"ask_bid":"BID","sequential_id":1554638143000000},{"market":"KRW-EOS","trade_date_utc":"2019-04-07","trade_time_utc":"11:55:41","timestamp":1554638141000,"trade_price":6155.00000000,"trade_volume":7.31389776,"prev_closing_price":6125.00000000,"change_price":30.00000000,"ask_bid":"BID","sequential_id":1554638141000001},{"market":"KRW-EOS","trade_date_utc":"2019-04-07","trade_time_utc":"11:55:41","timestamp":1554638141000,"trade_price":6155.00000000,"trade_volume":43.72826308,"prev_closing_price":6125.00000000,"change_price":30.00000000,"ask_bid":"BID","sequential_id":1554638141000000},{"market":"KRW-EOS","trade_date_utc":"2019-04-07","trade_time_utc":"11:55:39","timestamp":1554638139000,"trade_price":6155.00000000,"trade_volume":0.12180341,"prev_closing_price":6125.00000000,"change_price":30.00000000,"ask_bid":"BID","sequential_id":1554638139000000},{"market":"KRW-EOS","trade_date_utc":"2019-04-07","trade_time_utc":"11:55:32","timestamp":1554638132000,"trade_price":6155.00000000,"trade_volume":91.72187500,"prev_closing_price":6125.00000000,"change_price":30.00000000,"ask_bid":"BID","sequential_id":1554638132000001},{"market":"KRW-EOS","trade_date_utc":"2019-04-07","trade_time_utc":"11:55:32","timestamp":1554638132000,"trade_price":6155.00000000,"trade_volume":8.81125253,"prev_closing_price":6125.00000000,"change_price":30.00000000,"ask_bid":"BID","sequential_id":1554638132000000},{"market":"KRW-EOS","trade_date_utc":"2019-04-07","trade_time_utc":"11:55:28","timestamp":1554638128000,"trade_price":6150.00000000,"trade_volume":17.66970173,"prev_closing_price":6125.00000000,"change_price":25.00000000,"ask_bid":"ASK","sequential_id":1554638128000002},{"market":"KRW-EOS","trade_date_utc":"2019-04-07","trade_time_utc":"11:55:28","timestamp":1554638128000,"trade_price":6150.00000000,"trade_volume":13.76817686,"prev_closing_price":6125.00000000,"change_price":25.00000000,"ask_bid":"ASK","sequential_id":1554638128000001},{"market":"KRW-EOS","trade_date_utc":"2019-04-07","trade_time_utc":"11:55:28","timestamp":1554638128000,"trade_price":6150.00000000,"trade_volume":59.43902141,"prev_closing_price":6125.00000000,"change_price":25.00000000,"ask_bid":"ASK","sequential_id":1554638128000000},{"market":"KRW-EOS","trade_date_utc":"2019-04-07","trade_time_utc":"11:55:09","timestamp":1554638109000,"trade_price":6150.00000000,"trade_volume":25.56672882,"prev_closing_price":6125.00000000,"change_price":25.00000000,"ask_bid":"ASK","sequential_id":1554638109000001},{"market":"KRW-EOS","trade_date_utc":"2019-04-07","trade_time_utc":"11:55:09","timestamp":1554638109000,"trade_price":6150.00000000,"trade_volume":33.86847118,"prev_closing_price":6125.00000000,"change_price":25.00000000,"ask_bid":"ASK","sequential_id":1554638109000000},{"market":"KRW-EOS","trade_date_utc":"2019-04-07","trade_time_utc":"11:54:47","timestamp":1554638087000,"trade_price":6150.00000000,"trade_volume":11.38211383,"prev_closing_price":6125.00000000,"change_price":25.00000000,"ask_bid":"BID","sequential_id":1554638087000000},{"market":"KRW-EOS","trade_date_utc":"2019-04-07","trade_time_utc":"11:54:46","timestamp":1554638086000,"trade_price":6145.00000000,"trade_volume":147.13450697,"prev_closing_price":6125.00000000,"change_price":20.00000000,"ask_bid":"ASK","sequential_id":1554638086000001},{"market":"KRW-EOS","trade_date_utc":"2019-04-07","trade_time_utc":"11:54:46","timestamp":1554638086000,"trade_price":6145.00000000,"trade_volume":3.11000000,"prev_closing_price":6125.00000000,"change_price":20.00000000,"ask_bid":"ASK","sequential_id":1554638086000000},{"market":"KRW-EOS","trade_date_utc":"2019-04-07","trade_time_utc":"11:54:21","timestamp":1554638061000,"trade_price":6145.00000000,"trade_volume":166.83921882,"prev_closing_price":6125.00000000,"change_price":20.00000000,"ask_bid":"BID","sequential_id":1554638061000004},{"market":"KRW-EOS","trade_date_utc":"2019-04-07","trade_time_utc":"11:54:21","timestamp":1554638061000,"trade_price":6145.00000000,"trade_volume":11.39137511,"prev_closing_price":6125.00000000,"change_price":20.00000000,"ask_bid":"BID","sequential_id":1554638061000003},{"market":"KRW-EOS","trade_date_utc":"2019-04-07","trade_time_utc":"11:54:21","timestamp":1554638061000,"trade_price":6145.00000000,"trade_volume":211.95294716,"prev_closing_price":6125.00000000,"change_price":20.00000000,"ask_bid":"BID","sequential_id":1554638061000002},{"market":"KRW-EOS","trade_date_utc":"2019-04-07","trade_time_utc":"11:54:21","timestamp":1554638061000,"trade_price":6145.00000000,"trade_volume":8.21391868,"prev_closing_price":6125.00000000,"change_price":20.00000000,"ask_bid":"BID","sequential_id":1554638061000001},{"market":"KRW-EOS","trade_date_utc":"2019-04-07","trade_time_utc":"11:54:21","timestamp":1554638061000,"trade_price":6145.00000000,"trade_volume":550.00000000,"prev_closing_price":6125.00000000,"change_price":20.00000000,"ask_bid":"BID","sequential_id":1554638061000000},{"market":"KRW-EOS","trade_date_utc":"2019-04-07","trade_time_utc":"11:54:19","timestamp":1554638059000,"trade_price":6145.00000000,"trade_volume":107.36671200,"prev_closing_price":6125.00000000,"change_price":20.00000000,"ask_bid":"BID","sequential_id":1554638059000001},{"market":"KRW-EOS","trade_date_utc":"2019-04-07","trade_time_utc":"11:54:19","timestamp":1554638059000,"trade_price":6140.00000000,"trade_volume":2.54732793,"prev_closing_price":6125.00000000,"change_price":15.00000000,"ask_bid":"ASK","sequential_id":1554638059000000},{"market":"KRW-EOS","trade_date_utc":"2019-04-07","trade_time_utc":"11:54:06","timestamp":1554638046000,"trade_price":6140.00000000,"trade_volume":32.57042415,"prev_closing_price":6125.00000000,"change_price":15.00000000,"ask_bid":"ASK","sequential_id":1554638046000000},{"market":"KRW-EOS","trade_date_utc":"2019-04-07","trade_time_utc":"11:54:00","timestamp":1554638040000,"trade_price":6140.00000000,"trade_volume":180.32145240,"prev_closing_price":6125.00000000,"change_price":15.00000000,"ask_bid":"BID","sequential_id":1554638040000001},{"market":"KRW-EOS","trade_date_utc":"2019-04-07","trade_time_utc":"11:54:00","timestamp":1554638040000,"trade_price":6140.00000000,"trade_volume":24.21657956,"prev_closing_price":6125.00000000,"change_price":15.00000000,"ask_bid":"BID","sequential_id":1554638040000000},{"market":"KRW-EOS","trade_date_utc":"2019-04-07","trade_time_utc":"11:53:59","timestamp":1554638039000,"trade_price":6140.00000000,"trade_volume":550.00000000,"prev_closing_price":6125.00000000,"change_price":15.00000000,"ask_bid":"BID","sequential_id":1554638039000000},{"market":"KRW-EOS","trade_date_utc":"2019-04-07","trade_time_utc":"11:53:47","timestamp":1554638027000,"trade_price":6140.00000000,"trade_volume":41.77471524,"prev_closing_price":6125.00000000,"change_price":15.00000000,"ask_bid":"BID","sequential_id":1554638027000000},{"market":"KRW-EOS","trade_date_utc":"2019-04-07","trade_time_utc":"11:53:43","timestamp":1554638023000,"trade_price":6140.00000000,"trade_volume":5.00000000,"prev_closing_price":6125.00000000,"change_price":15.00000000,"ask_bid":"BID","sequential_id":1554638023000000},{"market":"KRW-EOS","trade_date_utc":"2019-04-07","trade_time_utc":"11:53:34","timestamp":1554638014000,"trade_price":6140.00000000,"trade_volume":10.29875941,"prev_closing_price":6125.00000000,"change_price":15.00000000,"ask_bid":"BID","sequential_id":1554638014000000},{"market":"KRW-EOS","trade_date_utc":"2019-04-07","trade_time_utc":"11:53:32","timestamp":1554638012000,"trade_price":6140.00000000,"trade_volume":211.34399804,"prev_closing_price":6125.00000000,"change_price":15.00000000,"ask_bid":"ASK","sequential_id":1554638012000001},{"market":"KRW-EOS","trade_date_utc":"2019-04-07","trade_time_utc":"11:53:32","timestamp":1554638012000,"trade_price":6140.00000000,"trade_volume":2.26107491,"prev_closing_price":6125.00000000,"change_price":15.00000000,"ask_bid":"ASK","sequential_id":1554638012000000},{"market":"KRW-EOS","trade_date_utc":"2019-04-07","trade_time_utc":"11:53:29","timestamp":1554638009000,"trade_price":6140.00000000,"trade_volume":18.48501424,"prev_closing_price":6125.00000000,"change_price":15.00000000,"ask_bid":"ASK","sequential_id":1554638009000000},{"market":"KRW-EOS","trade_date_utc":"2019-04-07","trade_time_utc":"11:53:11","timestamp":1554637991000,"trade_price":6140.00000000,"trade_volume":13.34744509,"prev_closing_price":6125.00000000,"change_price":15.00000000,"ask_bid":"BID","sequential_id":1554637991000000},{"market":"KRW-EOS","trade_date_utc":"2019-04-07","trade_time_utc":"11:53:10","timestamp":1554637990000,"trade_price":6140.00000000,"trade_volume":111.98258957,"prev_closing_price":6125.00000000,"change_price":15.00000000,"ask_bid":"BID","sequential_id":1554637990000001},{"market":"KRW-EOS","trade_date_utc":"2019-04-07","trade_time_utc":"11:53:10","timestamp":1554637990000,"trade_price":6135.00000000,"trade_volume":500.00000000,"prev_closing_price":6125.00000000,"change_price":10.00000000,"ask_bid":"ASK","sequential_id":1554637990000000},{"market":"KRW-EOS","trade_date_utc":"2019-04-07","trade_time_utc":"11:53:08","timestamp":1554637988000,"trade_price":6140.00000000,"trade_volume":0.50249185,"prev_closing_price":6125.00000000,"change_price":15.00000000,"ask_bid":"BID","sequential_id":1554637988000000},{"market":"KRW-EOS","trade_date_utc":"2019-04-07","trade_time_utc":"11:52:56","timestamp":1554637976000,"trade_price":6140.00000000,"trade_volume":1.67524429,"prev_closing_price":6125.00000000,"change_price":15.00000000,"ask_bid":"ASK","sequential_id":1554637976000001},{"market":"KRW-EOS","trade_date_utc":"2019-04-07","trade_time_utc":"11:52:56","timestamp":1554637976000,"trade_price":6140.00000000,"trade_volume":363.17982920,"prev_closing_price":6125.00000000,"change_price":15.00000000,"ask_bid":"ASK","sequential_id":1554637976000000},{"market":"KRW-EOS","trade_date_utc":"2019-04-07","trade_time_utc":"11:52:46","timestamp":1554637966000,"trade_price":6140.00000000,"trade_volume":136.01640426,"prev_closing_price":6125.00000000,"change_price":15.00000000,"ask_bid":"BID","sequential_id":1554637966000002},{"market":"KRW-EOS","trade_date_utc":"2019-04-07","trade_time_utc":"11:52:46","timestamp":1554637966000,"trade_price":6140.00000000,"trade_volume":15.54547677,"prev_closing_price":6125.00000000,"change_price":15.00000000,"ask_bid":"BID","sequential_id":1554637966000001},{"market":"KRW-EOS","trade_date_utc":"2019-04-07","trade_time_utc":"11:52:46","timestamp":1554637966000,"trade_price":6140.00000000,"trade_volume":312.06670966,"prev_closing_price":6125.00000000,"change_price":15.00000000,"ask_bid":"BID","sequential_id":1554637966000000},{"market":"KRW-EOS","trade_date_utc":"2019-04-07","trade_time_utc":"11:52:30","timestamp":1554637950000,"trade_price":6140.00000000,"trade_volume":12.77813861,"prev_closing_price":6125.00000000,"change_price":15.00000000,"ask_bid":"BID","sequential_id":1554637950000000},{"market":"KRW-EOS","trade_date_utc":"2019-04-07","trade_time_utc":"11:52:17","timestamp":1554637937000,"trade_price":6140.00000000,"trade_volume":135.90191874,"prev_closing_price":6125.00000000,"change_price":15.00000000,"ask_bid":"BID","sequential_id":1554637937000000},{"market":"KRW-EOS","trade_date_utc":"2019-04-07","trade_time_utc":"11:52:16","timestamp":1554637936000,"trade_price":6140.00000000,"trade_volume":60.54206840,"prev_closing_price":6125.00000000,"change_price":15.00000000,"ask_bid":"BID","sequential_id":1554637936000000},{"market":"KRW-EOS","trade_date_utc":"2019-04-07","trade_time_utc":"11:52:03","timestamp":1554637923000,"trade_price":6135.00000000,"trade_volume":43.57419683,"prev_closing_price":6125.00000000,"change_price":10.00000000,"ask_bid":"ASK","sequential_id":1554637923000000},{"market":"KRW-EOS","trade_date_utc":"2019-04-07","trade_time_utc":"11:51:45","timestamp":1554637905000,"trade_price":6140.00000000,"trade_volume":197.92662933,"prev_closing_price":6125.00000000,"change_price":15.00000000,"ask_bid":"BID","sequential_id":1554637905000002},{"market":"KRW-EOS","trade_date_utc":"2019-04-07","trade_time_utc":"11:51:45","timestamp":1554637905000,"trade_price":6140.00000000,"trade_volume":0.31747805,"prev_closing_price":6125.00000000,"change_price":15.00000000,"ask_bid":"BID","sequential_id":1554637905000001},{"market":"KRW-EOS","trade_date_utc":"2019-04-07","trade_time_utc":"11:51:45","timestamp":1554637905000,"trade_price":6140.00000000,"trade_volume":127.71311314,"prev_closing_price":6125.00000000,"change_price":15.00000000,"ask_bid":"BID","sequential_id":1554637905000000},{"market":"KRW-EOS","trade_date_utc":"2019-04-07","trade_time_utc":"11:51:44","timestamp":1554637904000,"trade_price":6140.00000000,"trade_volume":29.18504332,"prev_closing_price":6125.00000000,"change_price":15.00000000,"ask_bid":"BID","sequential_id":1554637904000000},{"market":"KRW-EOS","trade_date_utc":"2019-04-07","trade_time_utc":"11:51:39","timestamp":1554637899000,"trade_price":6140.00000000,"trade_volume":10.63130293,"prev_closing_price":6125.00000000,"change_price":15.00000000,"ask_bid":"BID","sequential_id":1554637899000000},{"market":"KRW-EOS","trade_date_utc":"2019-04-07","trade_time_utc":"11:51:36","timestamp":1554637896000,"trade_price":6140.00000000,"trade_volume":80.18365375,"prev_closing_price":6125.00000000,"change_price":15.00000000,"ask_bid":"BID","sequential_id":1554637896000001},{"market":"KRW-EOS","trade_date_utc":"2019-04-07","trade_time_utc":"11:51:36","timestamp":1554637896000,"trade_price":6140.00000000,"trade_volume":19.81634625,"prev_closing_price":6125.00000000,"change_price":15.00000000,"ask_bid":"BID","sequential_id":1554637896000000},{"market":"KRW-EOS","trade_date_utc":"2019-04-07","trade_time_utc":"11:51:25","timestamp":1554637885000,"trade_price":6140.00000000,"trade_volume":5.00000000,"prev_closing_price":6125.00000000,"change_price":15.00000000,"ask_bid":"BID","sequential_id":1554637885000000},{"market":"KRW-EOS","trade_date_utc":"2019-04-07","trade_time_utc":"11:51:13","timestamp":1554637873000,"trade_price":6140.00000000,"trade_volume":409.56166867,"prev_closing_price":6125.00000000,"change_price":15.00000000,"ask_bid":"BID","sequential_id":1554637873000000},{"market":"KRW-EOS","trade_date_utc":"2019-04-07","trade_time_utc":"11:51:09","timestamp":1554637869000,"trade_price":6140.00000000,"trade_volume":30.80267683,"prev_closing_price":6125.00000000,"change_price":15.00000000,"ask_bid":"BID","sequential_id":1554637869000001},{"market":"KRW-EOS","trade_date_utc":"2019-04-07","trade_time_utc":"11:51:09","timestamp":1554637869000,"trade_price":6135.00000000,"trade_volume":35.10000000,"prev_closing_price":6125.00000000,"change_price":10.00000000,"ask_bid":"ASK","sequential_id":1554637869000000},{"market":"KRW-EOS","trade_date_utc":"2019-04-07","trade_time_utc":"11:50:57","timestamp":1554637857000,"trade_price":6140.00000000,"trade_volume":33.00000000,"prev_closing_price":6125.00000000,"change_price":15.00000000,"ask_bid":"BID","sequential_id":1554637857000000},{"market":"KRW-EOS","trade_date_utc":"2019-04-07","trade_time_utc":"11:50:48","timestamp":1554637848000,"trade_price":6140.00000000,"trade_volume":5.00000000,"prev_closing_price":6125.00000000,"change_price":15.00000000,"ask_bid":"BID","sequential_id":1554637848000000},{"market":"KRW-EOS","trade_date_utc":"2019-04-07","trade_time_utc":"11:50:45","timestamp":1554637845000,"trade_price":6140.00000000,"trade_volume":7.90407166,"prev_closing_price":6125.00000000,"change_price":15.00000000,"ask_bid":"BID","sequential_id":1554637845000000},{"market":"KRW-EOS","trade_date_utc":"2019-04-07","trade_time_utc":"11:50:33","timestamp":1554637833000,"trade_price":6140.00000000,"trade_volume":7.75849186,"prev_closing_price":6125.00000000,"change_price":15.00000000,"ask_bid":"BID","sequential_id":1554637833000000},{"market":"KRW-EOS","trade_date_utc":"2019-04-07","trade_time_utc":"11:50:10","timestamp":1554637810000,"trade_price":6140.00000000,"trade_volume":0.00935003,"prev_closing_price":6125.00000000,"change_price":15.00000000,"ask_bid":"BID","sequential_id":1554637810000001},{"market":"KRW-EOS","trade_date_utc":"2019-04-07","trade_time_utc":"11:50:10","timestamp":1554637810000,"trade_price":6140.00000000,"trade_volume":19.85164997,"prev_closing_price":6125.00000000,"change_price":15.00000000,"ask_bid":"BID","sequential_id":1554637810000000},{"market":"KRW-EOS","trade_date_utc":"2019-04-07","trade_time_utc":"11:50:08","timestamp":1554637808000,"trade_price":6140.00000000,"trade_volume":0.09000000,"prev_closing_price":6125.00000000,"change_price":15.00000000,"ask_bid":"BID","sequential_id":1554637808000000},{"market":"KRW-EOS","trade_date_utc":"2019-04-07","trade_time_utc":"11:49:40","timestamp":1554637780000,"trade_price":6140.00000000,"trade_volume":2.44299674,"prev_closing_price":6125.00000000,"change_price":15.00000000,"ask_bid":"BID","sequential_id":1554637780000000},{"market":"KRW-EOS","trade_date_utc":"2019-04-07","trade_time_utc":"11:49:38","timestamp":1554637778000,"trade_price":6140.00000000,"trade_volume":2.44299674,"prev_closing_price":6125.00000000,"change_price":15.00000000,"ask_bid":"BID","sequential_id":1554637778000000},{"market":"KRW-EOS","trade_date_utc":"2019-04-07","trade_time_utc":"11:49:35","timestamp":1554637775000,"trade_price":6130.00000000,"trade_volume":24.27056987,"prev_closing_price":6125.00000000,"change_price":5.00000000,"ask_bid":"ASK","sequential_id":1554637775000001},{"market":"KRW-EOS","trade_date_utc":"2019-04-07","trade_time_utc":"11:49:35","timestamp":1554637775000,"trade_price":6140.00000000,"trade_volume":2.44299674,"prev_closing_price":6125.00000000,"change_price":15.00000000,"ask_bid":"BID","sequential_id":1554637775000000},{"market":"KRW-EOS","trade_date_utc":"2019-04-07","trade_time_utc":"11:49:30","timestamp":1554637770000,"trade_price":6130.00000000,"trade_volume":38.98403892,"prev_closing_price":6125.00000000,"change_price":5.00000000,"ask_bid":"ASK","sequential_id":1554637770000000},{"market":"KRW-EOS","trade_date_utc":"2019-04-07","trade_time_utc":"11:49:29","timestamp":1554637769000,"trade_price":6130.00000000,"trade_volume":48.91518351,"prev_closing_price":6125.00000000,"change_price":5.00000000,"ask_bid":"ASK","sequential_id":1554637769000004},{"market":"KRW-EOS","trade_date_utc":"2019-04-07","trade_time_utc":"11:49:29","timestamp":1554637769000,"trade_price":6130.00000000,"trade_volume":75.76689868,"prev_closing_price":6125.00000000,"change_price":5.00000000,"ask_bid":"ASK","sequential_id":1554637769000003},{"market":"KRW-EOS","trade_date_utc":"2019-04-07","trade_time_utc":"11:49:29","timestamp":1554637769000,"trade_price":6130.00000000,"trade_volume":24.23310132,"prev_closing_price":6125.00000000,"change_price":5.00000000,"ask_bid":"ASK","sequential_id":1554637769000002},{"market":"KRW-EOS","trade_date_utc":"2019-04-07","trade_time_utc":"11:49:29","timestamp":1554637769000,"trade_price":6130.00000000,"trade_volume":90.08012668,"prev_closing_price":6125.00000000,"change_price":5.00000000,"ask_bid":"ASK","sequential_id":1554637769000001},{"market":"KRW-EOS","trade_date_utc":"2019-04-07","trade_time_utc":"11:49:29","timestamp":1554637769000,"trade_price":6130.00000000,"trade_volume":10.00000000,"prev_closing_price":6125.00000000,"change_price":5.00000000,"ask_bid":"ASK","sequential_id":1554637769000000},{"market":"KRW-EOS","trade_date_utc":"2019-04-07","trade_time_utc":"11:48:37","timestamp":1554637717000,"trade_price":6140.00000000,"trade_volume":170.04800001,"prev_closing_price":6125.00000000,"change_price":15.00000000,"ask_bid":"BID","sequential_id":1554637717000001},{"market":"KRW-EOS","trade_date_utc":"2019-04-07","trade_time_utc":"11:48:37","timestamp":1554637717000,"trade_price":6135.00000000,"trade_volume":6.00000000,"prev_closing_price":6125.00000000,"change_price":10.00000000,"ask_bid":"ASK","sequential_id":1554637717000000},{"market":"KRW-EOS","trade_date_utc":"2019-04-07","trade_time_utc":"11:48:34","timestamp":1554637714000,"trade_price":6140.00000000,"trade_volume":22.52365974,"prev_closing_price":6125.00000000,"change_price":15.00000000,"ask_bid":"BID","sequential_id":1554637714000002},{"market":"KRW-EOS","trade_date_utc":"2019-04-07","trade_time_utc":"11:48:34","timestamp":1554637714000,"trade_price":6140.00000000,"trade_volume":57.55700326,"prev_closing_price":6125.00000000,"change_price":15.00000000,"ask_bid":"BID","sequential_id":1554637714000001},{"market":"KRW-EOS","trade_date_utc":"2019-04-07","trade_time_utc":"11:48:34","timestamp":1554637714000,"trade_price":6140.00000000,"trade_volume":100.00000000,"prev_closing_price":6125.00000000,"change_price":15.00000000,"ask_bid":"BID","sequential_id":1554637714000000},{"market":"KRW-EOS","trade_date_utc":"2019-04-07","trade_time_utc":"11:48:30","timestamp":1554637710000,"trade_price":6135.00000000,"trade_volume":105.00999999,"prev_closing_price":6125.00000000,"change_price":10.00000000,"ask_bid":"BID","sequential_id":1554637710000004}